2910 4994
623 257 813 319 -8,

54 422 56 428 ’
109 427 140 490 ei
162 424 318 504 debuerit,
339 447 437 510 quum
466 434 499 489 et
527 432 617 488 aetas
647 432 679 487 et
710 421 968 488 doctrinailhus
1001 425 1062 487 viri
1093 425 1226 508 ignotae
1259 427 1330 489 sint.

109 537 260 602 Archelai
289 558 361 600 eum
391 535 582 623 discipulum
610 536 709 600 fuisse
735 544 834 618 negat
855 534 1011 615 Mullach,
1039 536 1126 621 quod
1154 546 1328 623 temporum

109 650 192 714 ratio
213 648 363 713 videatur
386 646 524 712 obstare.
568 648 679 733 Neque
700 646 753 712 ille
775 647 901 730 longius
924 645 1008 711 hanc
1024 648 1254 731 quaestionem,
1268 649 1328 713 dis·
1372 734 1374 739 ,

111 769 225 847 ceptat,
247 756 418 824 absolvens
439 780 506 822 rem
522 757 630 823 verbis
653 757 755 822 hisce:
777 759 907 840 „Quare
929 756 1065 837 fuerunt,
1088 760 1142 842 qui
1164 782 1238 823 eum
1261 761 1329 824 nul-

110 873 172 938 lius
195 871 374 936 auditorem
404 870 504 934 fuisse
533 868 793 934 arbitrarentur.“
837 870 983 951 Quorum
1014 872 1190 934 sententiae
1221 893 1331 936 assen-

109 986 191 1050 tiens
212 992 298 1047 recte
315 981 480 1069 judicasse
502 980 636 1046 videtur.

195 1095 327 1160 Minime
357 1101 463 1156 autem
494 1092 753 1157 contenderimus
786 1090 902 1155 nullius
937 1093 1064 1156 omnino
1094 1091 1331 1180 Xenophanem

110 1207 309 1274 institutione
319 1226 413 1269 usum
424 1225 507 1284 esse,
537 1224 634 1288 quum
657 1212 744 1267 etex
765 1204 805 1267 iis
827 1225 909 1289 quae
931 1202 1044 1267 leviter
1065 1211 1097 1266 et
1118 1205 1268 1268 universe
1293 1204 1333 1266 si-

11 1364 14 1369 ·
112 1320 264 1406 gnificata
286 1317 488 1402 reperiuntur
505 1314 539 1400 ³¹⁸)
564 1322 596 1379 et
617 1336 658 1378 ex
680 1324 749 1379 tota
771 1315 839 1400 ejus
861 1313 1065 1401 philosophia
1093 1313 1188 1379 facile
1217 1315 1334 1398 conjici

112 1432 223 1521 possit,
245 1451 318 1494 eum
341 1425 550 1491 subtilissima
564 1448 622 1514 pro
637 1424 699 1490 illis
721 1425 918 1512 temporibus
941 1410 1088 1490 doctrina
1110 1425 1218 1490 fuisse.

197 1540 271 1606 Non
293 1538 396 1604 solum
426 1539 563 1624 quaein
593 1537 792 1624 Graecorum
821 1535 939 1601 scholis
965 1537 1157 1602 docerentur
1185 1545 1336 1601 accurate

113 1639 264 1719 didicisse
285 1649 428 1737 videtur,
458 1649 514 1713 sed
538 1649 634 1713 etiam
656 1650 788 1734 insuper
810 1657 964 1734 quantum
986 1658 1096 1734 posset
1118 1649 1336 1732 cognitionem

113 1748 391 1832 monumentorum
415 1771 447 1824 et
467 1760 631 1824 hterarum
654 1759 852 1825 Graecarum
875 1760 1014 1840 auxisse,
1042 1770 1137 1846 atque
1163 1769 1336 1847 poetarum

113 1887 146 1943 et
167 1871 428 1962 philosophorum
452 1867 550 1959 opera
571 1869 768 1950 intellexisse
798 1881 894 1957 atque
922 1874 1144 1958 perspexisse,
1177 1872 1337 1958 siquidem

113 2011 186 2054 cum
207 1986 270 2051 illis
295 1994 436 2048 certasse
457 1981 595 2048 traditur
606 1981 671 2065 **).
922 1968 927 1975 ’

149 2152 154 2177 ,.
177 2081 178 2085 ¹
197 2097 252 2165 Ad
266 2096 362 2162 talem
386 2094 566 2160 doctrinam
587 2095 734 2181 pervenit
755 2092 862 2158 multis
892 2094 1029 2159 fortasse
1053 2095 1218 2181 magistris
1250 2117 1338 2176 usus,

114 2219 212 2298 atque
235 2211 262 2273 si
272 2209 368 2291 Diog.
381 2205 531 2271 Laertius
553 2214 618 2270 tres
641 2205 728 2286 dicit,
750 2205 821 2292 quis
844 2207 904 2270 scit
925 2229 967 2289 an
990 2229 1055 2271 non
1076 2207 1185 2292 plures
1200 2198 1338 2288 luerint,

115 2324 191 2410 qui
186 2323 245 2386 etsi
261 2320 409 2385 doctrina
424 2317 637 2400 abundarent
661 2317 851 2382 deficiente
842 2317 1037 2383 inventionis
1052 2317 1219 2399 felicitate,
1239 2340 1338 2404 quum

114 2433 191 2500 novi
212 2430 293 2496 nihil
312 2429 532 2518 proferrents
523 2452 555 2493 m
571 2428 765 2493 oblivionem
780 2427 951 2492 venerint?

200 2543 325 2625 Quibus
351 2542 499 2607 omnibus
530 2562 595 2605 non
622 2516 851 2626 comprobatur
872 2521 1106 2627 Xenophanem
1129 2548 1251 2604 certam
1283 2539 1336 2603 ali-

114 2676 211 2743 quam
235 2663 355 2719 sectam
378 2654 495 2719 usitato
518 2651 607 2740 apud
628 2651 836 2740 philosophos
859 2673 946 2715 more
969 2661 1112 2716 secutum
1135 2674 1214 2717 esse

200 2763 346 2848 Accedit,
377 2765 463 2851 quod
486 2773 580 2829 notas
602 2766 744 2848 priorum
769 2763 932 2828 doctrinas
952 2785 1017 2828 non
1042 2765 1204 2850 accepisse
1228 2765 1337 2828 videa-

115 2886 167 2942 tur
188 2899 291 2964 neque
312 2864 503 2965 principalia
525 2874 748 2964 philosophiae
773 2875 841 2961 ejus
873 2874 1001 2939 decreta
1031 2874 1117 2963 apud
1144 2898 1338 2962 quemquam

114 2991 255 3076 priorum
277 2990 485 3081 reperiantur.
528 2987 582 3052 Ex
605 3010 664 3052 sua
684 2986 791 3052 indole
814 2987 923 3050 nativa
954 2985 1101 3070 protulit,
1135 2986 1339 3073 quidcunque

119 3093 416 3213 Wuadlq
434 3142 505 3194 νόον
523 3141 555 3193 ob
574 3137 709 3203 διδάσκει,
732 3137 871 3194 ίἩσίοδον
894 3141 946 3210 γὰρ
965 3139 1002 3192 ἂν
1019 3135 1149 3201 ἐδίδαξαν
1169 3143 1217 3190 καὶ
1237 3139 1337 3190 Πυθα-

107 3230 203 3303 γόραν
220 3223 304 3283 αὖθίς
321 3249 352 3281 τε
370 3226 533 3297 Ξενοφάνεά
552 3248 583 3279 τε
601 3233 648 3278 καὶ
665 3226 829 3282 Ἑκαταῖον.
865 3226 949 3295 Diog.
968 3225 1064 3281 Laert.
1081 3225 1133 3294 IX.
1154 3225 1178 3279 1.
1200 3223 1254 3278 cfr.
1269 3223 1338 3277 Kar·

115 3321 177 3370 sten
196 3333 223 3385 p.
242 3315 283 3369 13.
319 3313 388 3368 Cum
406 3313 512 3367 talibus
530 3312 597 3366 viris
616 3312 771 3383 vituperari
783 3311 952 3384 Xenophani
970 3312 1046 3365 haud
1069 3310 1184 3365 minima
1198 3311 1261 3364 laus
1276 3310 1339 3376 fuit,

114 3399 281 3471 praesertim
302 3416 387 3470 quum
405 3399 568 3454 Heraclitus
587 3399 689 3454 soleret
707 3414 767 3454 esse
786 3399 815 3453 in
830 3399 987 3471 judicando
1002 3399 1145 3452 morosior.
1163 3405 1166 3411 “

182 3489 221 3557 **)
259 3491 386 3558 Γέγραφε
412 3483 442 3539 δὲ
465 3489 513 3539 καὶ
530 3491 562 3539 ἐν
581 3490 661 3539 ἔπεσι
678 3492 727 3539 καὶ
748 3485 878 3557 ἐλεγείαις
895 3481 963 3538 καθ’
989 3484 1105 3553 Ὁμήρου
1134 3481 1339 3550 uat‘Hoaddov,

113 3573 279 3627 ἐπικόπτων
297 3571 392 3626 αὐτῶν
409 3574 445 3626 τὰ
464 3580 528 3643 περὶ
548 3576 628 3628 θεῶν
647 3573 785 3646 εἰρημένα.
821 3572 905 3642 Diog.
923 3571 1017 3625 Laerb
1037 3570 1088 3624 IX.
1107 3572 1149 3626 19.

176 3655 372 3719 Ἀντιδοξάααι
389 3680 420 3711 τι
438 3659 545 3731 λέγεται
566 3657 640 3725 Θαλῆ
658 3681 706 3712 και
700 3659 883 3730 Πυθαγορᾳ,
901 3658 1099 3728 καθάψασθαι
1115 3655 1157 3710 δε·
1165 3678 1212 3709 και
1228 3657 1340 3724 Ἐπιμε-

114 3741 201 3799 νίδου.
237 3743 321 3815 Diog
339 3743 435 3798 Laert.
454 3745 504 3799 IX.
523 3747 563 3802 18

181 3829 279 3904 Magni
295 3830 480 3900 Xenophanis
500 3832 654 3886 doctrinam
673 3831 761 3885 habet
778 3831 885 3884 Krause
903 3828 1016 3896 (Gesch.
1028 3829 1078 3882 der
1090 3825 1287 3902 Eraiehung§
1304 3828 1340 3896 3),

114 3916 162 3986 qui
179 3918 214 3971 de
230 3916 330 3988 puerili
359 3916 542 3988 disciplina
535 3936 564 3972 1n
582 3919 682 3973 Ionum
706 3917 869 3970 civitatibus
896 3916 1001 3970 usitata
1024 3915 1165 3968 disserens
1183 3913 1340 3983 Xenopha·

113 4017 176 4056 nem
194 4010 338 4071 memorat,
362 4005 409 4074 qui
432 4005 605 4059 educationis
623 4005 757 4058 rationem
779 4003 880 4057 mutari
899 4001 1028 4070 voluerit,
1047 4002 1203 4070 eodemque
1217 4017 1282 4053 eum
1298 4016 1339 4053 re·

113 4088 177 4157 fert,
197 4104 252 4158 quo
272 4088 428 4158 Platonem,
446 4091 493 4161 qui
512 4091 663 4145 Homerum
684 4095 712 4143 et
731 4088 885 4142 Hesiodum
903 4087 1083 4158 reliquosque
1102 4092 1200 4157 poetas
1221 4103 1236 4139 e
1256 4103 1339 4157 repu-

113 4174 196 4228 blica¹
214 4174 364 4243 ejiciendos
390 4177 603 4231 existimaverit.
638 4175 732 4230 Etiam
751 4175 934 4229 Graefenhan
954 4174 1071 4245 (Gesch.
1090 4174 1116 4226 d.
1135 4172 1299 4244 Philologie
1319 4173 1338 4247 ξ

112 4260 386 4331 42)Xenopbane1n,
406 4269 544 4334 quatenus
561 4261 677 4317 Homeri
695 4261 821 4315 earmina
839 4260 1026 4330 recensuerit,
1046 4258 1218 4328 describens,
1239 4260 1281 4313 ita
1302 4263 1340 4315 in-

113 4346 194 4418 cipit:
232 4346 423 4419 Xenophanes
450 4350 499 4402 der
532 4347 753 4420 ausgeklitrteste
773 4346 895 4401 Grieche
918 4346 1067 4401 innerhalb
1094 4345 1238 4409 mehrerer
1256 4346 1341 4400 tanr-

114 4433 251 4487 hunderte
268 4438 322 4487 etc.
