2910 4994
619 242 833 308 ..26-

109 409 270 476 hominem
292 412 335 477 ad
357 412 558 492 honestatem
580 414 808 499 appetendam:
831 413 999 478 honestam
1021 413 1107 477 enim
1129 412 1332 498 ipsesapien-

109 525 189 588 tiam
211 546 301 589 suam
325 524 525 610 praedicavit
536 525 580 605 *).

195 636 304 722 Atque
322 639 372 700 'ita
391 636 611 723 Xenophanes
633 637 719 702 hunc
740 639 879 704 fructum
903 659 944 700 ex
965 635 1172 722 philosophia
1188 638 1332 722 percepit,

110 756 155 827 ut,
176 749 237 812 etsi
258 750 292 813 in
315 772 421 814 rerum
443 758 561 815 natura
583 751 710 815 virtutis
740 752 899 841 principia
928 770 995 813 non
1024 748 1203 839 inveniret,
1234 760 1332 818 tamen

67 951 69 954 v
111 870 249 924 mentem
272 885 364 927 suam
386 863 431 926 ita
454 862 623 943 excoleret,
653 872 689 926 ut
711 863 753 928 ad
775 864 862 929 illam
885 859 1010 932 morum
1033 875 1210 954 praecepta
1235 871 1333 949 posset

111 972 238 1039 referre.
282 975 354 1038 Etsi
380 975 532 1039 virtutem
554 975 673 1039 referre
702 998 767 1040 non
797 988 907 1063 posset
938 980 978 1043 ad
1007 978 1233 1066 philosophiae
1266 997 1334 1039 suae

111 1095 216 1171 caput,
237 1084 272 1149 id
295 1095 343 1150 est
366 1085 407 1151 ad
430 1087 611 1171 opinionem
634 1087 675 1152 de
697 1088 750 1152 dei
771 1111 941 1176 rerumque
964 1102 1089 1174 namra,
1123 1101 1234 1156 tamen
1258 1096 1336 1151 certe

110 1195 392 1285 philosophiaet
363 1199 470 1262 studio
493 1221 531 1264 eo
554 1199 713 1264 adductus
736 1210 800 1282 est,
837 1212 873 1266 ut
903 1205 1010 1270 animo
1042 1204 1170 1269 exculto
1201 1201 1245 1266 ab
1276 1200 1334 1284 opi-

111 1311 207 1375 nione
229 1310 270 1376 de
294 1313 392 1376 animi
420 1311 554 1376 humani
588 1312 799 1396 dignitate
769 1326 833 1379 virt
820 1317 897 1379 tutis
920 1319 1079 1404 principia
1101 1314 1252 1381 ducenda
1273 1333 1338 1376 esse

111 1433 265 1487 censeret.
1167 1434 1177 1440 '

198 1536 252 1599 Ad
277 1557 374 1621 qnam
407 1556 533 1621 semper
555 1537 729 1621 respiciens
751 1547 874 1602 certum
898 1541 977 1603 satis
1003 1541 1127 1604 virtutis
1150 1539 1339 1627 principium

112 1649 271 1736 reperisse
293 1648 428 1712 videtur.

198 1761 251 1824 Ex
273 1759 327 1825 illo
350 1756 559 1824 humanitatis
582 1760 712 1845 fastigio
725 1759 837 1844 'agens
859 1761 955 1827 homo
977 1764 1047 1851 ipse
1071 1754 1133 1828 sibi
1161 1786 1247 1827 unus
1278 1785 1341 1827 om-

113 1874 168 1936 nia
184 1882 241 1953 est,
268 1873 337 1960 ipse
354 1871 415 1936 sibi
438 1873 611 1958 praecipit
640 1873 709 1958 ipse
732 1883 781 1938 est
804 1875 966 1938 actionum
989 1897 1119 1939 suarum
1141 1875 1225 1940 finis.
1271 1875 1343 1939 Huc

114 1985 223 2049 omnia
246 1982 327 2048 bene
349 1984 480 2048 vivendi
509 1994 658 2071 recteque
688 1984 828 2049 faciendi
855 1987 989 2051 consilia
1018 2009 1101 2073 quae
1122 1987 1343 2074 Xenophanes
1380 2024 1383 2129 ρ

114 2097 146 2160 in
171 2098 274 2161 effatis
298 2083 381 2178 suisJ
398 2105 477 2181 quot
499 2109 678 2182 supe1sunt‚
699 2106 835 2184 possunt
822 2098 977 2162 treferri

202 2208 236 2273 Si
259 2209 578 2297 Xenophanest
502 2208 586 2289 dicit,
609 2232 664 2274 eas
686 2218 812 2274 tantum
836 2211 978 2274 actiones
1001 2210 1116 2275 honest
1104 2221 1155 2275 tas
1170 2234 1254 2292 esse,
1276 2214 1342 2299 qui·
1381 2290 1383 2295 Ι

113 2320 175 2385 bus
192 2322 290 2386 animi
306 2320 447 2405 dignitas
464 2331 629 2405 augeatur,
649 2324 801 2408 sequitur,
824 2332 859 2386 ut
875 2345 984 2386 omnes
1000 2325 1237 2406 contentiones,
1263 2346 1343 2410 quae

115 2457 179 2498 non
202 2434 346 2498 nitantur
367 2433 430 2497 nisi
452 2435 594 2521 corporis
619 2434 756 2516 viribus,
788 2455 891 2519 neque
914 2432 1090 2520 quidquam
1114 2446 1265 2522 spectent
1285 2438 1343 2501 nisi

116 2545 202 2610 bona
225 2545 377 2631 corporis,
401 2568 421 2609 a
443 2545 562 2610 virtute
585 2544 760 2611 abhorrere
782 2545 1017 2610 existimaverit
1028 2546 1093 2634 **)
1143 2632 1147 2641 ¹

202 2657 322 2722 Omnes
343 2649 429 2721 enim
452 2657 544 2722 ludos
567 2658 600 2722 in
622 2659 739 2743 quibus
760 2659 814 2743 qui
845 2658 1008 2723 decertent
1038 2682 1078 2724 ne
1111 2660 1251 2724 acerbos
1278 2661 1341 2746 qui-

115 2768 186 2832 dem
203 2769 330 2833 dolores
341 2779 499 2850 recusent,
521 2770 581 2834 etsi
603 2771 674 2855 quis
691 2782 757 2835 tam
770 2771 911 2856 perfecte
926 2793 982 2834 eos
998 2780 1157 2854 exerceat,
1181 2781 1218 2836 ut
1234 2772 1341 2860 Olym·

114 2883 188 2967 piae
208 2883 309 2946 victor
331 2882 597 2966 praestantiorem
622 2883 730 2946 sedem
752 2884 786 2946 in
808 2884 1020 2946 certaminum
1044 2883 1240 2970 spectaculis
1264 2885 1342 2952 obti-

115 3003 200 3075 neat,
220 3017 330 3058 veram
352 2994 542 3079 dignitatem
564 2994 685 3061 homini
707 3018 771 3060 non
794 2994 934 3059 deferre:
957 2993 1154 3060 honestatem
1177 3021 1247 3063 non
1265 3021 1346 3064 com-

119 3125 328 3135 m...-

304 3164 333 3237 *)
346 3164 412 3220 Ἀλλ’
435 3167 494 3230 εἰκῆ
512 3163 587 3235 μάλα
607 3173 691 3220 τοῦτο
710 3169 860 3235 νομίζεται
879 3164 944 3218 οὔτε
963 3164 1075 3221 δίκαιον

390 3258 562 3326 Προκρίνειν
581 3252 680 3324 ῥώμην
698 3259 746 3318 τῆς
764 3253 875 3325 ἀγαθῆς
893 3256 997 3324 σοφίης.

1028 3340 1094 3396 Ath.
1112 3342 1149 3396 X.
1168 3362 1195 3414 p.
1216 3347 1280 3401 413.

283 3426 327 3492 m)
354 3424 423 3480 Ἀλλ’
445 3427 469 3478 εἰ
485 3430 538 3493 μὲν
556 3431 690 3490 ταχυτῆτι
709 3423 807 3478 ποδῶν
825 3431 908 3492 νίκην
925 3449 967 3484 τις
987 3430 1086 3501 ἄροιτο

380 3513 419 3565 Ἢ
436 3508 651 3580 πενταθλεύων,
673 3513 748 3564 ἔνθα
766 3512 830 3569 Διὸς
848 3519 961 3581 τέμενος

349 3602 413 3673 Πάρ
432 3606 525 3652 Πίσαο
544 3600 609 3671 ῥοῇς
626 3603 657 3650 ἐν
674 3597 814 3673 Ὀλυμπίῃ,
835 3601 892 3652 εἴτε
911 3599 1042 3654 παλαίειν

376 3687 416 3738 Ἢ
431 3692 479 3739 καὶ
497 3685 674 3751 πυκτοσύνην
696 3682 880 3756 ἀλγινόεσσαν
898 3688 979 3756 ἔχων,

356 3774 424 3826 Εἴτε
442 3773 475 3828 ad
495 3770 591 3826 δεινὸν
611 3770 718 3826 ἄεθλον
737 3770 752 3825 δ
771 3771 949 3844 παγκράτιον
967 3771 1112 3827 καλιόσοιν

388 3863 528 3914 Ἀστσῖσιν
546 3865 570 3914 κ’
590 3861 632 3925 ιἰἠ
652 3856 817 3930 κυδρότερος
834 3866 980 3929 προσορᾷν

356 3953 416 3999 Καί
432 3969 463 4000 κε
480 3944 633 4017 προεδρίην
652 3947 777 4018 φανερὴν
793 3951 825 3999 ἐν
844 3945 952 4018 ἀγῶσιν
970 3947 1071 4019 ἄροιτο

392 4039 451 4087 Καί
467 4055 516 4085 κεν
535 4031 585 4086 σῖτ’
608 4033 649 4097 εἴη
669 4029 812 4101 δημοσίων
827 4031 955 4086 κτεάνων

354 4119 400 4174 Ἐκ
420 4120 515 4177 πόλιος
533 4126 581 4173 καὶ
599 4117 694 4191 δεῦρσν
715 4117 731 4172 ii
749 4119 778 4172 οἱ
795 4117 939 4188 κειμήλιον
958 4121 1008 4185 εἴη.

390 4210 457 4262 atta
478 4213 526 4260 καὶ
546 4209 677 4261 ἵπποισιν
696 4212 785 4260 ταῦτα
803 4211 826 4271 χ’
845 4204 960 4259 ἅπαντα
978 4205 1067 4273 λάχοι,

362 4293 417 4347 Οὐκ
433 4294 488 4347 dciv
511 4295 590 4356 ἄξιοι
606 4292 701 4365 ὥσπερ
715 4291 796 4364 ἐγών·
815 4294 909 4366 ῥσίμηε
922 4295 975 4364 γὰρ
989 4293 1115 4361 ἀμείνων

389 4378 512 4452 Ἀνδρῶν
533 4378 575 4446 ἠδ’
590 4383 690 4436 ἵππων
706 4379 824 4449 ἡμετέρη
843 4386 936 4450 σοφίη.

1018 4465 1082 4520 Ath.
1100 4463 1135 4517 X.
1155 4482 1182 4534 p.
1201 4465 1264 4520 413.
