2910 4994
147 1374 430 1510 Quemadmodum
466 1425 519 1508 qui
553 1423 692 1488 studium
727 1423 862 1489 collocat
890 1423 923 1486 in
949 1421 1046 1487 rebus
1080 1422 1281 1490 naturalibus

54 1533 238 1596 scrutandis
251 1531 513 1619 explicandisque
529 1558 593 1598 non
616 1557 671 1600 cas
694 1545 816 1600 tantum
839 1556 890 1598 res
907 1536 1053 1619 exquirit,
1076 1556 1158 1619 quae
1181 1550 1280 1601 venu-

56 1653 140 1708 state
164 1643 370 1728 splendeant,
399 1645 466 1708 sive
497 1648 639 1710 serviant
669 1645 815 1728 utilitati,
848 1645 904 1710 sed
934 1646 984 1709 vel
1015 1645 1220 1710 absconditas
1251 1658 1282 1712 et

56 1778 140 1841 quae
173 1757 276 1840 primo
305 1765 439 1842 aspectu
467 1756 635 1820 utilitatem
672 1756 793 1822 habere
827 1757 947 1821 nullam
976 1756 1158 1838 videantur,
1196 1759 1306 1844 quodx

56 1868 194 1931 fortasse
216 1868 255 1930 iis
278 1869 356 1952 ipsis
380 1878 503 1932 secreta
525 1878 660 1932 naturae
683 1871 881 1954 aperiantur:
902 1870 949 1933 ita
971 1869 1067 1932 etiam
1091 1871 1135 1950 ei,
1165 1871 1218 1949 qui
1240 1869 1283 1935 ad

57 1977 292 2065 philosophiam
317 2002 351 2042 se
374 1979 512 2060 confert,
540 2003 603 2043 non
631 1978 769 2044 illustres
792 1989 917 2043 tantum
940 1979 1121 2066 philosophi
1143 1992 1282 2047 contem·

58 2091 169 2176 plandi
192 2101 282 2170 sunt,
311 2112 446 2174 quorum
474 2114 573 2176 opera
603 2090 777 2156 subtilitate
799 2091 958 2176 placeant,
981 2091 1048 2155 sive
1071 2113 1205 2176 quorum
1228 2093 1282 2158 ds·

59 2213 148 2266 creta
170 2202 211 2265 ad
236 2204 334 2264 vitam
358 2224 559 2266 communem
591 2203 708 2267 adduci
738 2205 879 2288 possint,
910 2201 966 2266 sed
996 2202 1045 2266 vel
1081 2202 1283 2269 obscuriores

60 2325 92 2379 et
114 2336 248 2400 quorum
273 2312 438 2377 doctrinae
461 2311 624 2378 obsoletae
646 2312 841 2386 habeantur,
872 2314 958 2400 quod
981 2313 1119 2379 fortasse
1141 2295 1282 2401 ἰίὲίρείε

60 2423 282 2510 philosophiae
304 2425 353 2487 vis
378 2435 473 2510 atque
497 2435 614 2490 natura
635 2425 890 2510 praeclarissime
913 2426 1133 2512 perspiciatur.

148 2535 242 2600 Cadit
264 2534 341 2598 illud
365 2559 437 2599 cum
459 2536 493 2598 in
518 2536 598 2600 alios
620 2547 688 2600 tum
711 2537 744 2599 in
760 2535 995 2620 Xenophanem
1018 2537 1107 2601 illuni
1124 2537 1283 2624 Colopho-

60 2650 159 2727 nium,
193 2649 283 2733 cujus
319 2649 456 2731 exiguae
478 2648 631 2732 reliquiae
654 2650 764 2730 magni
786 2648 906 2730 ingenii
929 2658 960 2710 et
981 2648 1068 2733 quod
1090 2650 1204 2715 merito
1227 2651 1283 2714 ad-

61 2761 263 2824 mirationem
287 2769 436 2838 nostram
454 2769 633 2824 commovet
656 2766 862 2822 monumenta
885 2757 1036 2822 habenda
1059 2770 1140 2824 sunt.
1185 2780 1191 2785 ·

149 2871 241 2950 Quae
263 2870 417 2956 reliquiae
440 2892 536 2956 quum
561 2873 693 2957 insuper
723 2869 887 2953 dispersae
918 2873 981 2934 sint
1004 2869 1055 2934 vel
1086 2872 1174 2956 apud
1206 2875 1282 2936 scri·

58 2986 180 3071 ptores,
204 3004 338 3068 quorum
359 2984 544 3046 testimonia
567 2992 598 3045 et
620 2971 742 3045 leviora
765 2991 796 3045 et
819 2981 1006 3046 obscuriora
1030 2981 1194 3064 videntur,
1216 3007 1282 3048 ma-

27 3174 30 3179 ,
58 3119 144 3179 gnae
168 3094 353 3178 diligentiae
375 3093 502 3157 laudem
526 3094 689 3158 consecuti
713 3103 788 3181 sunt
809 3091 854 3156 illi
877 3094 947 3172 viri,
974 3092 1077 3178 quiin
1093 3094 1286 3180 explicanda

60 3206 274 3292 Xenophanis
302 3204 504 3292 philosophia
534 3206 671 3284 versati,
701 3227 778 3269 vera
801 3226 821 3266 a
843 3203 933 3266 falsis
968 3203 1149 3268 discernere
1178 3228 1283 3270 susce·
1353 3200 1359 3206 ⁸

58 3330 185 3408 perunt.

146 3430 185 3493 ln
207 3451 340 3492 numero
364 3420 486 3509 eorum,
517 3429 571 3512 qui
595 3429 779 3492 curatione
802 3426 989 3510 singulatim
1020 3427 1059 3490 de
1083 3425 1286 3512 Xenophane
1352 3423 1356 3440 '

59 3543 258 3628 scripserunt
280 3541 402 3624 primus
424 3539 517 3604 nobis
541 3539 680 3603 occurrit
701 3537 963 3621 Roschmannus‚
995 3538 1082 3602 edita
1111 3538 1186 3605 diss.
1212 3538 1285 3603 hist.

58 3651 173 3739 philos.
197 3651 358 3738 (praeside
383 3651 546 3733 Feuerlin)
577 3650 616 3714 de
639 3649 849 3734 Xenophane.
893 3649 1003 3714 Altorf
1030 3650 1118 3715 1729.
1142 3652 1187 3716 4⁰.
1230 3649 1284 3713 Li·

57 3751 178 3828 bellurn
202 3762 290 3826 illum
312 3763 433 3850 frustra
452 3764 486 3825 in
509 3761 710 3825 bibliothecis
741 3763 972 3845 quaesivimus3
1003 3761 1086 3824 Lud.
1110 3761 1219 3844 Bergii
1240 3771 1285 3824 te-

60 3875 221 3950 stimonio,
243 3876 298 3959 qui
321 3874 360 3937 de
372 3874 575 3959 Xenophane
599 3875 759 3937 disserens
781 3874 1019 3954 ‚,euriositatis“
1040 3883 1165 3936 tantum
1189 3895 1287 3936 causa

58 3985 281 4050 Roschmanni
305 3986 497 4049 mentionem
522 3987 629 4049 facere
653 4007 687 4048 se
710 3984 796 4064 dicit,
819 3986 928 4068 exigui
952 3987 1103 4048 momenti
1127 3983 1224 4047 fuisse
1240 3986 1285 4046 vi·

59 4098 163 4160 detur.
215 4096 372 4160 Exactius
406 4108 512 4160 autem
545 4096 761 4183 Xenophanis
791 4096 942 4181 reliquias
974 4097 1134 4159 recensuit
1162 4094 1286 4158 Fuelle·
1345 4154 1349 4163 .

58 4208 144 4273 born
166 4208 331 4294 (Beitrage
355 4231 413 4272 zur
429 4208 621 4273 Gesohichtc
645 4208 701 4271 der
719 4206 951 4292 Philosophie).
976 4207 1116 4292 Copiose
1140 4208 1290 4292 exposuit

58 4331 92 4385 ct
124 4330 355 4384 commentatus
390 4330 438 4384 est
466 4319 540 4384 Ohr.
570 4321 654 4402 Aug.
682 4318 832 4398 Brandis,
865 4320 951 4382 edita
982 4320 1285 4383 commentationum

58 4431 277 4496 Eleaticarum
301 4442 393 4517 parte
415 4431 440 4494 I.
485 4431 624 4495 Altonae
649 4431 740 4495 1813.
