2910 4994
617 276 751 342 „25
794 314 837 324 -

107 477 110 481 ·
199 447 354 528 Queritur
376 447 426 511 his
450 447 584 513 vocibus
607 446 826 536 Xenophanes
856 447 897 512 de
924 447 1052 513 infirma
1081 446 1213 512 humani
1242 446 1342 510 animi

108 569 246 642 natura,
276 581 358 645 quae
388 581 451 624 non
484 560 622 624 sufficiat
652 559 694 623 ad
715 582 829 624 verum
860 560 1129 644 cognoscendum,
1156 558 1343 645 simpliciter

109 671 241 751 fatetur,
264 670 420 734 rationem
443 692 535 736 suam
567 683 711 737 secutum
741 671 849 737 fallaci
879 695 914 736 se
941 673 1112 737 incessisse
1135 671 1198 736 via.
1242 671 1342 735 Parvi

111 783 286 846 aestimare
307 781 436 846 videtur
459 786 602 849 animum
626 806 728 866 suum,
764 804 861 870 quum
885 784 927 849 ad
949 806 1060 849 verum
1073 783 1342 868 'cognoscendum

112 893 276 958 hominem
300 915 365 958 non
388 893 551 980 perducat.

131 1148 134 1153 .
199 1092 232 1161 A
261 1114 324 1177 quo
355 1093 450 1157 effato
482 1093 645 1181 discrepat
680 1092 759 1157 illud
796 1093 882 1179 quod
913 1094 1057 1158 servavit
1088 1091 1276 1158 Athenaeus
1291 1091 1341 1172 *lz
1429 1106 1431 1110 “

111 1203 242 1271 Nullam
259 1203 400 1290 palmam
416 1204 588 1292 Olympiae
604 1215 730 1290 partam
752 1227 858 1291 neque
879 1205 1046 1293 pugillatu,
1068 1227 1172 1291 neque
1182 1203 1344 1283 luctando,

114 1339 220 1402 neque
243 1317 400 1382 curriculo
422 1355 464 1364 -
488 1317 604 1403 quibus
628 1319 682 1403 qui
704 1319 851 1383 vicerunt
871 1317 1111 1383 immortalitate
1133 1316 1224 1400 digni
1250 1316 1344 1381 aesti-

113 1430 192 1493 mati
210 1436 284 1491 sunt
305 1467 345 1475 η
368 1428 490 1493 nullam
506 1428 643 1510 laudem,
665 1428 786 1493 nullum
805 1430 992 1516 praemium,
1017 1429 1175 1494 acivibus
1192 1427 1343 1510 oblatum,

114 1563 187 1605 eam
212 1539 413 1605 honestatem
436 1540 557 1606 homini
580 1540 704 1605 deferre
727 1563 830 1626 posse,
853 1563 950 1627 qnam
963 1563 1055 1605 suam
1068 1541 1129 1606 sibi
1144 1541 1345 1625 sapientiam.

201 1737 350 1802 Demisse
372 1736 467 1801 modo
490 1735 615 1802 loeutus
638 1749 670 1803 et
692 1739 836 1804 modeste
857 1739 897 1803 de
919 1737 1123 1827 philosophia
1146 1760 1222 1820 sua,
1256 1759 1343 1800 arro·

115 1852 247 1935 gantiae
277 1859 309 1914 et
340 1849 511 1938 superbiae
542 1851 749 1938 opprobrium
780 1853 835 1929 vix
864 1852 967 1916 vitare
989 1849 1116 1914 videtur
1138 1848 1344 1937 praedicans:

116 1962 278 2050 sapientia
300 1985 358 2026 sna
382 1963 490 2026 ornari
514 1985 547 2026 se
571 1963 705 2039 decore,
744 1985 807 2051 quo
838 1964 940 2050 major
962 1963 1085 2051 percipi
1107 1963 1209 2049 possit
1230 1960 1344 2026 nullus.

115 2075 182 2140 Sed
206 2074 269 2138 duo
292 2069 347 2138 illa
369 2073 455 2138 dicta
478 2097 542 2138 non
565 2079 611 2138 ita
633 2077 717 2140 inter
740 2098 774 2141 se
803 2075 1004 2162 discrepant,
1035 2083 1071 2137 ut
1098 2073 1251 2159 conjungi
1279 2096 1344 2138 non

113 2187 249 2274 possint.
289 2186 414 2250 Prioris
437 2185 513 2249 dicti
536 2184 622 2252 haud
640 2186 736 2253 dubie
752 2186 832 2251 haee
848 2196 896 2250 est
912 2188 1086 2254 sententia:
1108 2184 1344 2273 philosophiam

111 2297 310 2386 Xenophani
334 2321 444 2362 voram
467 2320 573 2362 rerum
597 2301 812 2384 cognitionem
836 2322 900 2363 non
930 2321 1152 2387 comparasse,
1186 2306 1346 2384 quatenus

109 2434 165 2476 res
189 2434 248 2475 nec
271 2433 402 2497 prorsus
427 2433 555 2495 negare,
578 2433 681 2498 neque
704 2411 863 2498 quomodo
888 2420 977 2476 ortae
1000 2419 1116 2499 essent,
1139 2410 1265 2495 aperire
1287 2431 1344 2495 po-

119 2522 228 2589 tuerit.
273 2523 311 2586 ln
332 2517 432 2589 altero
454 2523 539 2587 dieto
562 2524 781 2613 Xenophanes
803 2546 860 2610 per
884 2545 995 2589 vocem
1017 2526 1122 2613 eopia
1145 2520 1232 2585 aliud
1255 2521 1345 2607 quid·

118 2635 200 2699 dam
223 2633 419 2698 intellexisse
440 2635 577 2717 videtur,
601 2645 696 2722 atque
719 2638 766 2699 rei
789 2635 923 2723 alicujus
943 2636 1123 2719 seientiam:
1146 2657 1218 2699 eum
1236 2631 1346 2699 videli-

118 2756 174 2812 cet
209 2747 307 2810 animi
335 2746 471 2829 cultum,
487 2758 489 2762 '
505 2749 559 2833 qui
591 2747 770 2812 litterarum
793 2757 824 2812 et
845 2746 1067 2836 philosophiae
1090 2745 1194 2810 studio
1218 2746 1347 2811 omnino

115 2867 333 2944 comparetur.

210 3029 375 3114 Sapientia
397 3028 451 3093 illa
473 3027 684 3116 Xenophanis
706 3053 771 3095 non
792 3040 858 3094 tam
882 3032 916 3096 in
937 3029 1106 3117 multiplici
1126 3047 1244 3106 rerum,
1265 3046 1348 3110 quae

111 3168 136 3207 n
165 3139 377 3228 philosophia
392 3151 572 3223 versantur,
596 3144 719 3226 notitia,
743 3165 840 3229 quam
862 3145 895 3209 in
919 3165 956 3207 eo
980 3151 1116 3223 constat,
1140 3138 1225 3226 quod
1248 3137 1346 3202 medi·

107 3253 218 3349 tando
242 3255 382 3317 animum
405 3254 450 3318 ita
473 3251 657 3333 excoluerit,
687 3263 730 3335 ut,
752 3256 950 3319 conscientia
972 3255 1112 3341 optimae
1134 3253 1250 3316 mentis
1273 3272 1346 3316 con-

103 3352 235 3447 citata,
273 3373 393 3451 quanto
424 3365 550 3427 animus
580 3367 705 3452 corpori
728 3377 919 3451 praestaret,
940 3368 1019 3431 satis
1044 3366 1192 3430 distincte
1216 3365 1346 3429 sentiret

114 3488 148 3544 et
172 3477 374 3560 intelligeret
420 3475 517 3539 Tanti
553 3499 587 3541 se
621 3480 698 3564 ipse,
731 3478 862 3562 cognita
892 3477 1033 3542 melioris
1057 3478 1105 3541 sui
1135 3477 1236 3564 partis
1256 3498 1346 3561 prae-

114 3590 249 3669 stantia,
273 3586 467 3653 aestimabat
481 3587 711 3676 Xenophanes,
734 3598 770 3653 ut
784 3588 905 3671 laudes,
921 3612 1001 3676 quas
1017 3589 1159 3675 corporis
1174 3587 1348 3653 virtutibus

115 3701 240 3768 Graeci
263 3700 361 3785 vulgo
386 3699 447 3764 sibi
470 3698 666 3784 colligerent,
687 3701 811 3766 minimi
834 3702 962 3770 faceret.
1062 3744 1064 3750 -

206 3871 391 3957 Sapientiae
416 3895 493 3937 suae
517 3872 579 3937 sibi
602 3873 750 3936 conscius
772 3873 903 3938 humani
927 3874 1025 3938 animi
1049 3871 1347 3957 dignitatemhono·

110 3987 207 4052 ribus
231 3984 380 4049 omnibus
403 3984 570 4072 praetulit,
602 4007 699 4071 quum
723 3987 848 4049 animus
880 3985 1025 4051 excultus
1056 3984 1207 4050 idoneum
1229 3984 1350 4048 faceret

186 4237 215 4306 ³⁸)
253 4233 388 4305 Deipnos.
407 4232 442 4287 X·.
461 4251 488 4304 p.
506 4234 572 4289 413:

736 4357 767 4373 ..
787 4358 793 4371 .
811 4326 901 4373 ταῦτα
918 4327 941 4387 χ’
962 4319 1075 4373 ἅπαντα
1095 4319 1175 4385 λάχοι

333 4406 388 4462 Οὐκ
409 4413 464 4459 r'cov
487 4407 565 4467 ἄξιος
581 4403 677 4474 ὥοπερ
696 4405 759 4473 ἐγώ·
779 4405 872 4474 ῥώμης
889 4408 943 4478 γὰρ
963 4406 1089 4475 ἀμείνων

360 4491 485 4565 Ἀνδρῶν
504 4489 545 4556 ἧδ’
570 4492 667 4543 ἵππων
685 4490 802 4563 ἡμιτέρη
822 4498 913 4562 σοφίη.
