2910 4994
680 241 893 304 ..14-

264 402 347 474 otu
367 392 590 498 μετέρχεσθαί
611 432 671 494 μιν
693 413 859 490 rainnero
880 401 1003 475 dstote
1022 401 1116 499 ἄλλῃ.

452 520 608 608 (Simplic.
631 519 672 583 ad
695 521 794 586 Arist
816 519 908 607 phys.
932 519 984 584 fol
1007 519 1036 584 6.
1060 525 1104 600 a.)

175 633 221 696 ita
241 641 474 698 commentatus
496 641 561 697 est:
583 630 648 712 „In
669 653 732 716 qno
757 633 815 695 etsi
839 653 957 718 parum⁴
968 631 1187 718 persuadendi
1201 631 1398 696 necessitatis

177 736 355 809 idhibitum
379 745 437 823 sit,
469 744 541 827 quis
561 765 627 806 non
648 744 808 827 insignem
838 741 1019 829 philosophi
1048 743 1216 828 pietatem
1238 750 1399 826 agnum

176 858 316 942 quinon
339 853 441 919 solum
471 853 512 919 sb
544 876 695 918 sensuum
726 852 784 917 sed
810 853 853 917 ab
882 855 1026 918 omnium
1050 874 1159 917 rerum
1185 852 1399 918 humanarum

175 967 366 1049 contagione
388 987 545 1031 summam
568 965 619 1029 dei
642 967 805 1030 notionem
828 951 924 1050 quain
940 964 1083 1028 maxime
1094 973 1202 1049 potest
1217 965 1399 1052 disjungere

176 1077 282 1142 studet
302 1087 337 1142 et·
355 1065 581 1161 sevocare.‘'‘*)
626 1076 762 1164 Scripsit
782 1075 866 1141 idem
890 1074 935 1163 (p.
958 1076 1035 1154 71.):
1066 1074 1166 1140 Aliud
1191 1076 1398 1162 pertinetpii

175 1190 273 1254 animi
297 1188 425 1270 dictum,
452 1188 538 1273 quod
552 1188 680 1252 xlaudat
708 1188 898 1252 Aristotcles
920 1185 1011 1253 Rhet.
1032 1186 1057 1252 l.
1082 1187 1136 1250 le·
1154 1210 1184 1275 p.
1208 1189 1296 1253 422:
1340 1183 1400 1254 Oh

176 1300 231 1378 ἴση
259 1300 438 1386 πρόκλησις
467 1295 553 1378 αὕτη
583 1295 694 1380 ἀσεβεῖ
721 1293 805 1384 πρὸς
834 1272 965 1382 sinistri}
1003 1299 1055 1362 cui
1086 1299 1247 1363 assentire
1276 1300 1399 1364 videtur

176 1410 348 1490 Zeller**)
371 1411 498 1477 dicens:
531 1411 578 1475 Er
600 1410 744 1475 verwirft
766 1410 825 1474 das
853 1407 1083 1474 Beweismittel
1115 1408 1172 1474 des
1186 1393 1302 1492 Fides,
1336 1411 1400 1475 weil

176 1547 211 1588 er
233 1524 326 1588 dario
349 1524 444 1587 einen
462 1522 554 1586 Preis
575 1522 628 1586 fiir
649 1522 701 1586 die
721 1520 951 1605 Gottlosigkeit
971 1519 1163 1601 findet***).

261 1635 354 1700 Haeo
376 1634 539 1698 sufficiant
560 1634 677 1719 quibus
707 1633 931 1717 intelligaturf
949 1631 1185 1718 Xenophanem
1207 1655 1275 1698 non
1302 1633 1400 1698 solum

99 1813 104 1820 ,
176 1755 305 1812 acutum
327 1738 360 1810 et
382 1744 531 1810 subtilem
552 1747 585 1809 in
608 1743 824 1833 philosophia,
844 1743 902 1809 sed
915 1746 1022 1809 etiam
1043 1747 1077 1810 in
1097 1744 1196 1810 rems
1211 1745 1339 1810 divinis
1349 1746 1401 1833 pio

177 1861 283 1925 snimo
306 1859 415 1924 luisse.
1399 1851 1402 1855 ’

264 1969 328 2036 Sed
349 1971 469 2054 pietate
489 1967 545 2035 illa
572 1988 734 2032 summum
758 1965 837 2031 illud
868 1989 1003 2050 numen,
1032 1968 1119 2054 quod
1146 1967 1249 2034 midta
1279 1979 1401 2036 sermm

176 2084 262 2147 tione
283 2089 462 2169 repererat,
479 2079 635 2171 amplecti
657 2096 723 2145 non
751 2080 862 2164 potuit.
906 2078 997 2144 Illius
1020 2080 1109 2144 enim
1136 2079 1191 2146 clei
1218 2084 1310 2148 notio
1338 2099 1402 2147 oo!

177 2203 332 2281 concepta
354 2193 416 2256 nisi
438 2201 553 2272 mente,
576 2191 790 2256 fortissimos
812 2176 945 2275 corpore
968 2213 1002 2257 se
1025 2191 1402 2258 abstraheres-*com

175 2327 259 2392 pura
279 2304 376 2368 fuerit
396 2301 451 2367 illa
474 2303 563 2368 notio
586 2325 631 2373 an·
657 2303 755 2367 rebus
783 2301 889 2365 adhuc
917 2305 1079 2389 corporeis
1107 2304 1211 2368 mixta
1239 2301 1322 2369 nihii
1351 2303 1400 2369 hic

175 2417 294 2481 referre
316 2416 444 2480 videtur
459 2453 500 2462 -
516 2423 683 2478 attenuata
705 2414 800 2477 nimis
822 2413 891 2494 fuit,
920 2435 1017 2500 qnam
1047 2435 1133 2500 quae
1157 2417 1292 2502 pietatis
1320 2417 1399 2482 dosi-

176 2527 308 2609 demum,
330 2548 393 2612 quo
416 2526 588 2591 tenebatur
600 2512 822 2612 Xenophanes
843 2524 972 2610 explere
993 2537 1111 2610 posset
1155 2527 1253 2610 Qnsd
1276 2531 1399 2595 rdtione

176 2639 222 2706 ab
241 2641 327 2705 omni
349 2639 476 2703 mortali
498 2638 699 2701 concretione
722 2635 829 2700 aliens
848 2646 1029 2723 repererat,
1057 2639 1172 2703 ceteris
1203 2640 1306 2704 enimi
1328 2642 1399 2704 viri·

177 2751 235 2817 bus
258 2773 355 2816 sensu
377 2759 409 2814 et
428 2749 596 2813 voluntate
616 2747 765 2835 amplecti
787 2770 852 2812 non
874 2749 986 2834 potuit,
1008 2768 1108 2832 qaum
1123 2750 1401 2817 animiaffscems

175 2863 210 2926 in
232 2861 405 2946 cogitanda
427 2859 479 2924 dei
501 2869 618 2923 natura
640 2857 814 2941 indulgere,
842 2860 958 2922 mentis
980 2861 1166 2926 constantia
1185 2871 1398 2927 summm

176 2971 314 3039 Ratione
336 2981 494 3058 concepta
516 2970 573 3035 ills
594 2970 645 3033 dei
667 2970 754 3034 notio
777 2990 842 3032 non
864 2969 1038 3056 respondet
1059 2966 1104 3035 ad
1124 2971 1254 3056 pietatis
1278 2971 1398 3038 deside·

177 3083 276 3146 rium:
310 3081 417 3147 delicit
437 3082 572 3147 rationis
594 3089 628 3144 et
655 3080 790 3164 pietatis-
806 3089 983 3144 concentus
1002 3091 1099 3167 atque
1121 3101 1318 3168 consensus,
1349 3085 1402 3172 qui

179 3215 321 3257 summus
344 3215 413 3258 osse
434 3192 530 3258 debet
541 3193 586 3277 †).

263 3331 291 3400 *)
310 3329 440 3397 Brandis,
459 3329 612 3384 comment.
632 3324 722 3381 dlhst
743 3327 863 3382 Altcnae
881 3328 956 3385 1813.
978 3323 1008 3384 P.
1028 3328 1050 3385 I'.
1070 3343 1099 3400 p.
1116 3330 1160 3384 42.

248 3417 293 3486 W)
311 3416 411 3479 Zeller,
429 3413 608 3483 Philosophie
626 3414 653 3466 d.
673 3415 720 3469 Gr.
758 3413 831 3469 Tiib.
851 3415 927 3475 1856.
946 3414 968 3467 Ι.
987 3435 1013 3486 p.
1032 3418 1091 3472 392.

152 3502 164 3524 '
229 3502 293 3570 W)
313 3501 434 3556 Omnino
454 3501 560 3554 scilicet
578 3500 701 3556 Brandis
718 3499 903 3570 Xenophanis
921 3502 1054 3570 pietatem
1074 3501 1142 3555 satis
1167 3504 1297 3574 graviter
1322 3521 1400 3576 prae·
1443 3560 1445 3565 ,

179 3588 327 3642 dicandam
338 3586 523 3657 existimavit,
543 3603 576 3640 ex
594 3600 628 3640 e'e
647 3586 734 3640 multa
752 3584 829 3639 dicta
846 3585 975 3654 profecta
993 3603 1054 3641 esse
1072 3589 1232 3645 ostendens.

272 3678 301 3744 †)
319 3674 399 3729 Talis
417 3674 613 3745 philosophiae
631 3678 749 3726 eventus
763 3670 876 3726 Jacobii
889 3671 972 3726 nobis
986 3674 1146 3728 memoriam
1165 3675 1256 3742 affert,
1275 3678 1325 3748 qui
1340 3678 1400 3734 illos

178 3761 264 3816 animi
282 3766 373 3815 motus
392 3760 552 3830 philosophi
571 3776 589 3813 a
608 3760 717 3829 sc¹lpso
738 3759 899 3812 dissidentis
917 3761 1064 3830 praeclare
1082 3760 1123 3821 ita
1141 3763 1304 3834 descripsit:

247 3848 333 3902 Licht
352 3847 388 3901 ist
405 3847 439 3901 in·
452 3847 571 3901 meinem
589 3847 718 3914 Hersen,
737 3845 806 3899 aher
824 3847 907 3900 sowio
925 3847 969 3900 ich
990 3863 1020 3901 es
1039 3850 1066 3901 in
1087 3848 1141 3901 den
1163 3849 1306 3904 Verstand
1327 3851 1399 3907 brin-

177 3936 306 4006 gerwih,
325 3933 441 3988 erlischt
459 3950 498 3986 es.
534 3933 651 3987 Welche
671 3946 731 3986 von
752 3933 854 3986 beiden
881 3933 1046 3989 Klarheiten
1069 3935 1107 3989 ist
1130 3935 1175 3989 die
1194 3935 1311 3991 wshre?
1348 3938 1403 3990 Die

179 4020 228 4074 des
238 4019 420 4088 vermendes,
439 4020 483 4073 die
502 4015 576 4073 'arar
585 4021 655 4074 feste
670 4018 828 4086 Gestalten,
842 4019 911 4073 aber
926 4020 1018 4075 hintes
1032 4022 1116 4076 ihnen
1130 4041 1185 4076 nur
1199 4024 1280 4077 einen
1297 4025 1400 4080 boden-

178 4106 256 4161 losen
274 4105 414 4179 Abgrnnd
434 4106 530 4177 zeigt?
564 4103 642 4160 Oder
656 4106 700 4159 dic
714 4106 763 4158 des
778 4105 911 4169 Heraens,
933 4106 1038 4161 welche
1056 4102 1320 4164 zwarverheiss'end
1340 4107 1401 4166 aul'-

179 4196 262 4247 virts
290 4193 420 4262 leuchtet‚
448 4194 517 4246 aber
544 4192 715 4246 bestimmtes
744 4191 894 4246 Erkennen
921 4195 1074 4248 vermissen
1103 4196 1198 4250 lissi?
1238 4194 1323 4252 Kann
1353 4198 1403 4253 der

178 4279 367 4334 menschliche
379 4278 459 4333 Geist
472 4278 622 4333 Wahrhcit
638 4280 786 4349 ergreithm
805 4293 892 4332 wenn
905 4279 982 4334 nicht
1001 4280 1030 4334 in
1048 4281 1105 4336 ihm
1120 4284 1192 4352 jede>
1205 4281 1306 4338 beiden
1316 4285 1400 4340 Klar-

179 4364 272 4420 heiten
291 4384 326 4420 zu
344 4366 443 4420 Einom
462 4365 565 4420 Lichte
590 4365 650 4420 sich
668 4363 855 4436 vereinigen?
890 4365 960 4422 Und
981 4368 1018 4422 ist
1036 4368 1113 4425 diese
1131 4369 1327 4444 vereinigung
1354 4389 1402 4427 an·

119 4507 127 4514 .
180 4453 244 4510 ders
264 4453 392 4509 denhbar
409 4454 451 4507 als
471 4451 559 4508 durch
578 4452 623 4508 ein
642 4450 791 4507 Wunder?
