2910 4994
683 250 896 317 ..30-

177 419 370 487 educatione
393 422 590 489 couscientia
613 422 753 508 optimae
775 422 892 487 mentis
915 425 1111 502 concitatur,
1135 423 1275 485 sentitur
1298 419 1396 485 huma

177 555 238 596 nae
260 542 396 599 naturae
418 534 632 620 praestantia,
663 532 710 619 ad,
736 556 830 619 quem
862 536 888 597 si
911 534 1007 599 homo
1029 533 1185 619 quidquid
1208 534 1281 616 agit
1304 533 1398 599 studet

177 645 305 726 referre,
329 645 462 713 honeste
485 668 582 730 agere
604 656 760 713 censetur.
806 647 942 711 Virtutis
965 645 1042 710 illud
1061 646 1257 732 principium
1273 645 1398 732 simplex

177 766 209 821 et
238 757 420 825 absolutum
444 758 587 835 videtur,
623 780 721 844 quum
751 782 792 822 ex
821 781 900 822 vera
930 758 1068 823 hominis
1097 766 1216 822 natura
1237 758 1398 846 proficisci,

176 876 340 953 totamque
363 869 513 955 amplecti
536 880 709 957 appareat;
738 873 829 954 origo
863 882 895 936 et
916 880 1050 936 eventus
1074 857 1143 957 ejus
1166 871 1299 935 homine
1322 869 1399 954 digni

179 991 263 1063 eunt,
284 989 315 1047 et
337 983 428 1064 origo
451 981 590 1067 quidem,
613 985 641 1047 si
662 982 757 1048 homo
780 983 914 1048 liberum
940 981 1059 1048 animal
1079 1006 1145 1047 nou
1161 982 1281 1047 debeat
1296 1003 1401 1069 parere

178 1092 240 1155 nisi
262 1091 399 1177 legibus,
418 1116 499 1180 quas
520 1096 591 1181 ipse
614 1095 675 1160 sibi
695 1094 813 1175 tulerit,
836 1104 868 1158 et
891 1106 1033 1177 eventus,
1057 1117 1155 1181 quum
1175 1096 1280 1160 virtus
1301 1092 1402 1157 exilio

178 1204 337 1289 principio
360 1206 505 1292 prolecta
529 1229 687 1273 summam
708 1206 832 1271 homini
855 1207 1045 1291 dignitatern
1066 1209 1198 1274 tribuat

264 1315 318 1380 Ad
340 1316 418 1383 illud
441 1320 569 1384 virtutis
591 1321 783 1405 principium
806 1342 917 1385 omnes
951 1321 1019 1385 fere
1052 1323 1194 1386 omnium
1228 1319 1404 1403 temporum

179 1427 377 1515 philosophi,
408 1440 566 1515 quatenus
594 1432 628 1497 in
658 1432 883 1497 constituenda
905 1455 1031 1497 morum
1055 1431 1227 1519 disciplina
1248 1453 1318 1494 non
1340 1450 1403 1516 pro-

179 1541 255 1604 fecti
279 1551 353 1606 sunt
377 1544 438 1607 nisi
459 1542 501 1607 ab
525 1542 690 1607 homiuum
712 1553 843 1620 natura,
882 1545 970 1608 diroti
994 1520 1252 1610 esse'videotur:
1290 1541 1405 1628 Pytha·

178 1676 277 1737 goras
299 1655 426 1719 virtutis
449 1656 641 1742 principium
662 1657 696 1719 in
720 1653 889 1721 harmonia
911 1657 1062 1742 quadam,
1097 1657 1240 1721 omnium
1270 1656 1357 1718 inter
1378 1675 1408 1717 se

179 1766 281 1831 animi
303 1767 419 1832 virium
448 1776 607 1833 concentu
636 1777 733 1852 atque
760 1789 920 1834 consensu
950 1769 1107 1855 reperisse
1136 1767 1200 1833 sibi
1228 1767 1322 1831 visus
1351 1774 1409 1845 cst3

181 1878 334 1947 Socrates
356 1879 536 1947 distinctius
559 1881 710 1946 virtutem
733 1880 776 1943 ad
799 1880 930 1946 humani
954 1882 1053 1945 animi
1075 1881 1163 1964 leges
1183 1878 1318 1959 rettulit,
1340 1877 1410 1942 bea-

179 1991 349 2060 titudinem
370 1993 499 2059 virtutis
519 1993 617 2059 finem
639 2001 672 2057 et
692 1995 831 2080 pretium
853 2014 1051 2080 proponens3
1074 1992 1263 2079 Aristippus
1298 2000 1332 2055 et
1360 1991 1412 2076 qui

183 2126 256 2171 cum
279 2104 380 2169 secuti
402 2114 477 2173 aunt
499 2103 674 2190 Cyrenaici
695 2109 845 2171 virtutem
868 2113 1059 2170 rettulerunt
1093 2104 1135 2168 ad
1158 2102 1412 2191 comparandam

182 2237 316 2285 suavem
338 2214 540 2304 voluptatum
561 2217 834 2302 vicissitudinem
857 2218 951 2283 Plato
974 2217 1118 2283 Socratis
1142 2216 1274 2280 decreta
1297 2215 1340 2279 ad
1364 2236 1411 2278 ar·
1445 2278 1447 2311 :

184 2337 248 2391 tem
279 2325 420 2410 redegit,
442 2329 634 2394 Aristoteles
664 2331 917 2395 mediocritatem
939 2332 974 2394 in
997 2329 1147 2397 omnibus
1169 2327 1268 2393 rebus
1294 2326 1414 2392 servari

183 2440 304 2521 voluit3
333 2463 375 2505 ex
407 2440 638 2507 recentioribus
657 2441 813 2527 ,Wolffius
842 2443 1049 2529 perfectionis
1071 2441 1235 2527 quandam
1257 2444 1413 2506 rationem

184 2553 313 2633 docuit,
340 2552 481 2621 Kaudos
502 2533 695 2642 imperatiro
716 2555 770 2621 illo
792 2556 974 2640 categorico
993 2553 1301 2639 obtemperandum,
1324 2552 1412 2618 Fieh·

184 2675 255 2730 teus
278 2665 478 2730 liberrimum
502 2666 670 2732 arbitrium
694 2667 890 2754 sequendum
914 2690 985 2731 esse
1007 2669 1126 2732 statuit

270 2777 384 2864 Itaque
415 2780 512 2843 etiam
535 2779 756 2866 Xenophanes
787 2783 820 2844 in
848 2779 903 2844 illo
927 2780 1054 2844 virtutis
1085 2779 1244 2867 principio
1276 2779 1412 2866 amplam
1445 2762 1447 2841 l

185 2912 311 2954 morum
333 2890 537 2977 disciplinam
559 2902 725 2957 exstruere
746 2893 859 2979 potuit,
882 2891 940 2956 sed
955 2913 995 2955 ex
1009 2893 1131 2976 ingenii
1145 2893 1214 2978 ejus
1230 2913 1413 2955 monumen·

184 3002 237 3083 tis,
268 3012 347 3087 quot
369 3013 552 3088 supersunt,
581 3004 690 3089 colligi
713 3028 777 3070 non
799 3014 916 3092 potest,
943 3026 1016 3070 eum
1040 3004 1170 3068 decreta
1201 3027 1280 3086 sua,
1304 3004 1415 3090 quibus
1445 3040 1447 3085 Ι

185 3137 291 3178 mores
313 3115 513 3201 conformare
536 3115 683 3197 voluerit,
706 3117 748 3181 ad
771 3128 872 3182 artem
896 3118 1075 3202 redegisse,
1106 3126 1215 3180 utrum
1237 3115 1318 3180 illud
1342 3115 1414 3180 omi-

187 3228 273 3310 serit,
296 3226 381 3311 quod
404 3227 529 3292 efficere
552 3251 617 3294 uon
638 3230 807 3318 potuisset,
829 3239 865 3295 ut
887 3232 970 3295 inter
992 3229 1044 3301 dei
1066 3236 1099 3292 et
1110 3228 1238 3293 virtutis
1254 3230 1415 3292 notionem

186 3348 360 3404 concentus
386 3337 501 3424 aliquis
524 3350 754 3407 et'oonsensus
776 3341 1002 3424 intercederet,
1037 3365 1079 3407 an
1102 3341 1188 3427 quod
1210 3341 1343 3406 omnino
1366 3362 1416 3404 ars

186 3453 256 3538 ejus
278 3450 449 3515 dialectica
471 3454 712 3537 componendae
743 3477 867 3518 morum
901 3454 1092 3541 disciplinae
1124 3476 1189 3518 nou
1225 3461 1417 3541 suppeteret,

185 3572 327 3627 statuere
349 3586 415 3629 non
438 3586 619 3650 possumus.

278 3675 342 3741 Sed
365 3674 417 3740 vel
439 3677 558 3760 exigua
579 3675 635 3742 illa
657 3687 781 3742 morum
806 3687 979 3765 praecepta
998 3678 1143 3744 sublimis
1160 3679 1288 3762 ingenii
1307 3700 1417 3742 monu-

188 3797 297 3854 menta
320 3788 535 3853 existimanda
561 3799 643 3870 sunt,
667 3801 699 3855 et
721 3813 761 3854 ex
776 3793 848 3876 ipsa
861 3791 1084 3876 philosophiae
1099 3790 1312 3879 Xenophanis
1329 3799 1419 3879 parte

188 3901 302 3966 morali
325 3900 521 3987 intelligitur,
545 3913 665 3988 quanto
694 3903 894 3969 humanitate
924 3903 976 3967 ille
1004 3904 1119 3967 aetatis
1157 3925 1235 3968 suae
1272 3903 1419 3969 homines

189 4015 395 4100 superaverit.
438 4013 593 4080 Animum
616 4017 742 4103 corpori
764 4018 949 4102 praeferens
970 4018 1037 4103 jam
1060 4016 1163 4080 sensit·
1180 4015 1267 4101 quod
1290 4015 1419 4083 demum

188 4128 413 4211 Anaxagoras.
429 4127 638 4214 praedicavit,
661 4128 830 4193 honestate
853 4138 885 4192 et
906 4131 1066 4212 gravitate
1088 4128 1130 4191 ad
1152 4129 1253 4214 ipsius
1275 4127 1419 4194 Socratis

188 4239 417 4328 perfectionem
439 4260 540 4326 prope
556 4239 722 4323 accedens
747 4240 924 4305 subtilitate
939 4250 972 4305 et
985 4241 1167 4305 constantia
1182 4241 1215 4303 in
1230 4238 1418 4306 meditando

189 4350 358 4432 excellens,
381 4352 520 4439 speciem
542 4353 677 4447 praebet
697 4352 881 4440 philosophi
903 4375 1022 4438 magno
1044 4352 1175 4436 ingenio
1196 4353 1348 4439 praediti.

275 4464 319 4530 Et
340 4467 451 4550 magni
472 4465 615 4553 profecto
637 4466 756 4552 ingenii
780 4476 858 4551 erat,
891 4467 936 4532 ita
960 4468 1102 4531 animum
1125 4489 1145 4531 a
1168 4465 1318 4532 sensibus
1343 4490 1419 4536 avo·
