2910 4994
568 279 782 343 ..11..

60 456 292 536 praeparatum
306 445 441 512 videtur.
488 446 552 513 Sed
573 448 658 513 inter
680 447 893 535 Xenophanis
915 456 947 513 et
968 447 1094 513 iliorum
1117 447 1157 512 ds
1178 469 1286 515 rerum

59 561 220 648 principio
244 559 418 657 sententias
441 558 503 625 hoo
524 561 664 626 maxime
685 559 826 641 interest,
849 559 936 646 quod
957 544 1171 648 Xenophanii
1197 558 1285 644 prin·

59 673 182 760 cipium
204 673 274 743 sive
297 693 354 748 ens
377 693 562 758 supremum
585 670 763 737 divinitatis
781 669 914 758 aliquid
937 670 1059 737 habere
1079 669 1286 738 manifestum

61 791 123 851 est.
167 783 273 864 ouem
297 782 496 863 divinitatem
520 804 618 870 quum
640 783 737 851 etiarn
760 791 856 869 atque
878 783 974 851 etiarn
996 783 1139 867 gravitm
1160 780 1286 868 praedi·

61 903 170 970 catam
185 894 340 983 legamus,
362 893 396 959 id
417 876 620 982 potissimum
632 892 1044 981 Xenophanem‘speotasse
1066 892 1117 958 vel
1139 892 1287 986 gestiisse

61 1005 330 1089 contenderimus,
354 1014 390 1069 ut
413 1027 572 1077 summum
595 1003 725 1091 aliquod
748 1003 891 1071 divinum
904 1027 1022 1073 numen
1042 1013 1207 1086 statueret,
1231 1003 1285 1068 de·

61 1116 245 1203 siderisque
267 1116 407 1205 quodam
430 1123 461 1182 et
482 1117 604 1207 impetu
627 1117 727 1187 animi
741 1117 1029 1200 incitatumfuisse,
1053 1127 1088 1183 ut
1098 1115 1287 1200 religionem
1313 1173 1316 1180 .

61 1238 278 1315 componeret,
301 1250 366 1316 qua
387 1229 532 1297 reficeret
543 1227 631 1317 quod
642 1228 843 1297 dissolvisset
854 1238 885 1295 et
896 1228 1066 1310 amisisset,
1089 1227 1176 1293 etad
1190 1248 1286 1315 quam

61 1348 172 1424 posset
193 1340 313 1405 referre
334 1362 460 1406 morum
472 1339 684 1427 disciplinam,
699 1362 782 1426 quae
795 1338 922 1404 homine
945 1339 1073 1424 dignior
1084 1347 1169 1404 esset
1191 1359 1287 1423 quam

63 1449 128 1530 illa,
150 1472 233 1535 quae
256 1474 296 1515 ex
320 1449 517 1516 Graecorum
541 1453 641 1517 sacris
664 1450 870 1538 opinionibus
893 1461 1086 1536 sequeretur.

148 1586 256 1673 Atque
279 1610 377 1676 quum
401 1590 472 1676 jam
501 1588 631 1655 mrrltum
661 1587 758 1652 studii
787 1587 974 1655 contulisset
1003 1588 1045 1652 ad
1073 1586 1288 1655 recensendas

63 1698 264 1765 Graecorum
286 1697 468 1784 religiones,
490 1701 596 1766 nescio
619 1723 661 1764 an
684 1721 750 1764 non
772 1720 915 1764 erremus
938 1699 1095 1779 arbitrati,
1117 1698 1193 1763 inde
1215 1720 1288 1767 eum

61 1811 241 1896 profectum
264 1833 344 1893 esse,
375 1812 595 1897 exquirentem
617 1831 735 1875 numen
758 1811 916 1892 divinum,
946 1810 1032 1896 quod
1054 1809 1183 1895 dignius
1205 1809 1287 1877 cole·

61 1932 151 1986 retur
173 1933 204 1988 et
225 1923 349 1989 felicius
361 1922 401 2011 *).

148 2060 413 2149 Contemplantes
435 2061 521 2127 enim
546 2080 610 2146 qua
631 2058 756 2123 ratione
770 2043 997 2144 Xenophanes
1021 2054 1154 2125 Homeri
1176 2066 1208 2121 et
1223 2057 1287 2122 He·

63 2171 146 2243 siodi
170 2173 335 2260 opiniones
358 2172 554 2239 recensuerit
576 2179 607 2234 et
629 2192 694 2256 qua
716 2168 756 2234 de
777 2191 878 2239 causa
899 2169 1090 2255 rejiciendas
1113 2169 1288 2234 easexisti·

62 2285 217 2366 marerit,
248 2285 351 2373 primo
374 2286 439 2369 jam
463 2292 596 2367 aspectu
618 2281 920 2361 animadvertimus,
955 2280 1033 2345 deos
1054 2302 1165 2345 omnes
1187 2278 1287 2345 Grae-

63 2416 174 2459 corum
197 2416 293 2459 verae
316 2394 368 2458 dei
390 2394 513 2485 notioni
537 2415 602 2457 non
625 2392 834 2478 respondere,
865 2413 968 2479 neque
998 2414 1108 2461 eorum
1130 2392 1289 2475 imagines

61 2528 140 2569 vero
164 2507 293 2577 numine
317 2505 426 2571 divino
448 2505 564 2601 dignas
586 2506 615 2568 ei
643 2506 729 2568 visas
752 2526 838 2585 esse3
873 2501 1051 2587 colligimus
1076 2511 1183 2567 autem
1214 2500 1289 2565 inde

62 2616 301 2704 Xenophanem
324 2619 453 2684 omnino
477 2615 572 2679 deum
594 2636 658 2678 non
681 2637 828 2700 negasse,
850 2613 1016 2679 dubitasse
1038 2621 1163 2678 tantum
1177 2613 1216 2677 de
1227 2613 1289 2677 diis

63 2729 271 2796 Graecorum.
315 2729 428 2814 ltaque
450 2725 607 2791 intellexit
628 2728 734 2791 inesse
756 2729 852 2791 etiam
868 2725 1223 2811 anthropomorphismo
1245 2722 1290 2787 illi

62 2840 115 2905 dei
138 2839 255 2924 ideam,
277 2840 331 2904 sed
354 2842 498 2927 junetam
519 2860 593 2903 cum
616 2838 773 2929 ejusmodi
797 2837 904 2910 rebus,
934 2859 991 2923 per
1020 2858 1100 2922 quas
1124 2835 1197 2900 idea
1218 2838 1290 2922 ipsa

21 2952 25 2956 “
62 2951 246 3016 deformata
269 2962 300 3017 et
321 2960 474 3036 corrupta
495 2960 587 3015 esset
1102 2934 1108 2941 ’

149 3089 412 3155 Persarutaturus
436 3097 542 3154 autem
565 3109 724 3174 quaenam
747 3086 802 3151 illa
823 3087 975 3151 remotior
990 3084 1199 3172 subtiliorque
1217 3084 1291 3148 idea

61 3211 158 3282 esset,
182 3200 242 3265 sub
266 3201 397 3265 deorum
406 3200 575 3265 multorum
592 3198 696 3263 cultus
712 3200 819 3283 speeie
836 3196 969 3278 occulta,
992 3197 1155 3283 analytica
1167 3196 1291 3259 ratione

59 3335 141 3379 usus
165 3323 220 3377 est.
265 3311 379 3397 ltaque
410 3310 497 3375 haud
527 3312 592 3374 scio
627 3333 667 3374 an
689 3300 801 3395 'primo
832 3307 1102 3382 animadverterit,
1132 3307 1290 3390 imagines

60 3423 192 3510 quidem
215 3421 287 3487 illas
310 3421 452 3505 deorum,
473 3425 505 3487 in
523 3424 672 3510 opinione
683 3420 880 3486 Graecorum
897 3422 1028 3505 positas,
1050 3421 1198 3484 fortuitas
1222 3440 1291 3483 esse

60 3556 168 3620 neque
179 3534 390 3614 necessarias,
413 3533 471 3598 sed
481 3555 552 3614 esse
561 3533 766 3603 nihilominus
780 3532 909 3618 aliquod
921 3554 1080 3598 summum
1103 3553 1219 3595 numen
1232 3528 1291 3611 Ἡ),

60 3697 271 3711 -ι--ι--ι--ισ-ὒ

132 3774 158 3842 *)
196 3772 241 3826 Ita
258 3773 419 3845 Schwegler
437 3771 529 3841 sentit,
550 3772 600 3843 qui
618 3771 695 3825 illam
714 3787 771 3823 rem
790 3769 868 3823 hisce
888 3769 981 3824 verbis
1000 3771 1106 3842 tangit:
1131 3771 1205 3842 „Die
1225 3771 1290 3826 ldee
1405 3837 1407 3841 .

61 3860 114 3913 der
132 3859 246 3912 Einheit
266 3861 366 3913 Gottes
392 3860 450 3913 und
476 3859 520 3912 die
544 3857 672 3913 Polemik
698 3873 790 3928 gagen
816 3857 870 3908 den
889 3856 1222 3927 Anthropomorphismus
1242 3860 1292 3911 der

60 3944 275 4014 Volksreligion
293 3945 330 3999 ist
347 3945 405 4000 sain
424 3944 693 4015 Ausgangspunkt.“
717 3942 819 3996 Gesch.
840 3944 866 3996 d.
887 3943 992 3998 Philos.
1012 3963 1037 4013 p.
1060 3947 1099 4000 10.
1142 3945 1199 4001 Cir.
1219 3945 1290 3998 Kar-

60 4032 252 4103 stenp.106.'
284 4031 429 4086 Profectus
443 4038 491 4086 est
514 4049 532 4084 a
559 4037 705 4100 poetarum
733 4029 894 4084 fictionibus
920 4037 948 4085 et
965 4030 1080 4100 fabulis,
1096 4032 1213 4104 quibus
1234 4038 1291 4085 tam

62 4120 181 4175 deorum
204 4117 303 4189 religio
321 4133 404 4183 quam
422 4118 496 4172 vitae
515 4116 666 4187 disciplina
684 4123 744 4171 erat
763 4116 878 4185 repleta.

160 4214 200 4281 ”l
239 4211 291 4270 Ele
309 4213 378 4270 θεὸς
396 4216 427 4266 i'v
444 4205 476 4267 rr
493 4214 591 4266 θεοῖσι
604 4218 652 4265 καὶ
671 4210 858 4283 ἀνθρώποισι
875 4215 1000 4283 μέγιστος

241 4298 312 4354 Οὔτε
329 4295 412 4366 δέμας
433 4303 584 4364 θνητοῖσιν
603 4299 698 4369 ὁμόϊος
717 4300 782 4352 οὔτε
800 4298 900 4365 νόημα.

58 4385 147 4442 Clem.
172 4384 251 4438 Alex.
283 4384 383 4441 Strom.
409 4385 441 4439 V.
465 4402 531 4457 pag.
556 4388 616 4442 601.
645 4385 676 4440 Ο.
703 4393 732 4440 et
755 4385 859 4440 Euseb.
887 4399 984 4456 praep.
1016 4401 1057 4438 ev.
1084 4383 1165 4438 Xlll.
1194 4384 1232 4437 13.
1264 4401 1292 4453 p.

58 4474 120 4529 678.
141 4471 177 4526 D.
