2910 4994
690 254 900 320 ..28-

184 424 289 510 ipsam
312 448 409 512 saepo
432 435 464 491 et
483 425 620 493 libenter
642 434 794 514 expertus
817 426 867 491 sit.
914 425 1035 489 Verum
1057 423 1155 489 etiarn
1184 422 1220 486 in
1253 421 1402 509 ejusmodi

183 536 403 624 voluptatibus
427 540 590 624 aliquanto
612 541 767 625 majorem
788 539 894 604 locum
916 536 1083 621 occupari,
1112 534 1230 599 altiora
1251 533 1401 623 quaedam

184 651 323 734 spectari
346 650 416 714 uult
431 651 474 734 *le
497 672 538 714 ne
559 672 678 738 eorpus
702 652 808 715 animo
831 649 990 735 imperare
1012 647 1187 732 patiantur,
1208 670 1251 711 ne
1272 646 1400 712 insolen-

183 772 242 842 ter,
264 771 467 828 transeuntes
491 764 723 849 temperantiae
741 763 833 842 finos,
854 760 1005 826 libidines
1028 760 1075 825 ita
1096 761 1271 840 concitent,
1295 769 1332 824 ut
1346 781 1401 824 reo·

182 883 235 938 tae
257 875 473 939 eonscientiae
494 875 578 940 ratio
600 898 664 941 non
689 875 854 939 habeatur.

222 1020 224 1025 ·
269 986 522 1072 Intemperantia
551 988 636 1052 enim
666 987 827 1051 humanae
856 994 992 1051 naturae
1007 984 1245 1049 ‘excellentiam
1276 984 1403 1071 turpiter

184 1097 321 1178 offendi3
358 1099 392 1163 id
415 1100 522 1185 quod,
544 1099 622 1164 laeti
643 1099 793 1165 videlieet
814 1099 953 1164 convivii
977 1096 1225 1185 descriptionem
1247 1094 1404 1161 hilaritate

183 1209 323 1294 quadam
335 1233 561 1296 conspergens,
583 1212 663 1276 satis
677 1211 845 1277 commode
860 1209 1007 1292 ostendit,
1028 1209 1141 1273 leviter
1157 1207 1356 1292 significans,
1375 1208 1403 1271 in

183 1343 247 1406 qua
270 1323 452 1390 conditione
478 1325 602 1389 versari
622 1323 754 1406 soleant,
769 1326 831 1409 -qui
854 1323 949 1408 gulae
971 1322 1067 1387 nimis
1090 1319 1293 1384 indulserint.
1325 1319 1403 1385 Lau·

184 1432 253 1497 dari
277 1444 384 1499 autem
406 1435 581 1510 vulteum,
603 1435 659 1521 qui
680 1435 714 1498 in
736 1435 860 1520 poculis
883 1457 922 1501 eo
943 1433 1052 1499 animo
1076 1432 1207 1496 affectus
1232 1431 1282 1511 sit,
1315 1441 1350 1496 ut
1371 1431 1405 1497 de

183 1546 356 1612 virtutibus
380 1549 462 1612 sciat
484 1548 656 1626 dicerem).
700 1546 783 1611 Illud
807 1569 967 1613 summum
988 1545 1181 1630 gaudiorum
1193 1544 1407 1611 convivalium

183 1656 349 1742 fastigium
372 1662 544 1742 existimat,
567 1661 789 1726 conviviorum
811 1681 924 1724 amana
940 1660 991 1725 vel
1007 1659 1146 1725 maxime
1161 1681 1201 1722 ea
1216 1657 1408 1738 conditione,

183 1779 218 1834 ut
248 1772 348 1835 animi
374 1773 416 1837 ad
447 1775 602 1860 optimum
633 1772 783 1858 quodque
810 1772 1019 1856 eogitandum
1048 1771 1210 1857 libereque
1239 1771 1409 1835 dicendum

184 1884 390 1951 concitentur.

181 2044 183 2049 ,
268 1994 382 2082 Itaque
404 2018 502 2082 quum
524 1998 711 2084 praecipiat,
733 2006 769 2061 ut
791 1997 825 2060 in
847 1997 995 2062 omnibus
1010 1993 1272 2063 contentionibus
1289 1992 1410 2057 meliori
1443 1986 1445 2059 ἶ

182 2105 320 2172 hominis
341 2110 427 2196 parti
450 2110 532 2174 ratio
555 2109 723 2192 habeatur,
746 2110 892 2194 sequitur
912 2119 947 2174 ut
969 2109 1130 2176 luxuriam
1147 2105 1279 2173 stultam
1296 2113 1329 2171 et
1342 2106 1408 2169 inu·

181 2217 269 2284 tilem
292 2219 470 2302 disaster),
491 2229 523 2285 et
545 2221 792 2307 vituperandum
813 2233 1041 2304 censentem,
1070 2222 1126 2308 qui
1147 2219 1290 2284 vestium
1313 2216 1408 2282 nimio

183 2331 351 2418 splendore
373 2333 662 2420 conspiciendoque
683 2355 850 2399 comarum
872 2346 1002 2421 comptu
1032 2333 1187 2398 excellere
1217 2330 1352 2397 studeat
1380 2338 1410 2393 st

181 2443 330 2527 gloriari,
366 2466 464 2530 quum
486 2467 602 2531 corpus
625 2454 759 2510 exornet
780 2455 876 2531 atque
900 2447 1042 2528 extollat,
1063 2446 1234 2510 imminuat
1256 2443 1409 2509 honorem

181 2557 288 2622 animi
334 2555 459 2643 Corpus
482 2561 566 2623 enim
588 2579 669 2640 esse,
689 2558 776 2643 quod
797 2560 830 2622 in
846 2559 904 2623 tali
918 2561 1100 2647 promineat
1115 2568 1147 2622 et
1161 2557 1409 2622 admirationem

182 2678 392 2749 commoveat,
413 2670 555 2734 animum
576 2669 725 2734 recedere
756 2680 852 2758 atque
882 2672 1012 2756 negligi
1057 2668 1236 2758 Splendore
1264 2668 1407 2755 eorporis

183 2780 349 2845 obscurari
372 2780 562 2865 dignitatem
585 2783 693 2847 animi.
736 2783 958 2870 Rejioiendum
979 2784 1079 2868 igitur
1093 2781 1219 2846 oensuit
1233 2780 1407 2866 Xenopha-

183 2915 239 2956 nes
269 2892 382 2956 luxum
403 2915 424 2956 a
445 2891 549 2978 Lydis
580 2905 765 2982 arreptum,
802 2916 865 2980 quo
888 2895 1036 2960 effectum
1057 2916 1129 2958 esse
1150 2892 1342 2975 videretur,
1377 2902 1410 2956 ut

182 3002 454 3090 Colophoniorum
477 3006 591 3071 civitas
614 3008 648 3072 in
670 3008 843 3075 Persarum
865 3008 1065 3073 dominatum
1087 3005 1223 3085 veniret,
1243 3026 1348 3090 quum
1371 3027 1409 3068 ne

389 3185 419 3248 ἰί)
457 3185 512 3250 Οὐχ
532 3185 637 3254 ὕβρεις·
661 3192 756 3241 πίνειν
774 3187 798 3241 δ’
816 3188 926 3242 ὁπόσον
943 3193 991 3241 adv
1010 3191 1080 3253 ἔχων
1100 3185 1216 3256 ἀφίκοιο

502 3270 597 3327 Oi'rrad’
616 3275 683 3326 drea
701 3274 856 3340 προπόλου,
875 3278 912 3344 μὴ
932 3275 1007 3328 πάνυ
1023 3273 1162 3347 γηραλέος.

182 3356 248 3413 Sine
267 3373 354 3428 puero
372 3358 463 3412 facem
481 3365 612 3430 portante
631 3366 680 3413 aut
698 3361 773 3414 viam
791 3367 957 3417 nonstrante
985 3361 1021 3414 ab
1050 3361 1140 3430 epulis
1158 3359 1250 3415 redire
1279 3360 1410 3416 modicae

182 3445 336 3514 potationis
363 3451 391 3499 et
406 3448 519 3500 ¹veteris
544 3448 748 3516 temperantiae
776 3449 923 3519 indicium,
961 3449 1036 3518 quod
1064 3448 1140 3518 apud
1164 3447 1409 3502 Lacedaemonios

181 3532 265 3584 etiam
284 3533 347 3604 lege
362 3535 473 3603 jussum
492 3539 567 3588 erat:
604 3537 716 3591 πιόντες
736 3533 902 3605 denespion
921 3534 1021 3588 ἀπίασι
1040 3532 1103 3600 δίχα
1121 3531 1263 3592 λαμπάδος
1283 3536 1325 3588 ait
1345 3534 1411 3588 Plu·

182 3618 295 3672 tarohus
314 3619 439 3690 Lyeurg.
460 3638 483 3674 o.
496 3623 535 3674 12.
572 3621 730 3693 Xenophon
740 3622 923 3693 RepLaoed.
944 3639 966 3675 ο.
976 3622 1000 3674 5.
1015 3627 1081 3675 sect.
1093 3624 1116 3676 7.
1131 3621 1181 3675 eir.
1192 3621 1316 3674 Karsten
1325 3640 1354 3692 p.
1366 3623 1408 3676 72.

220 3709 224 3713 “
356 3707 400 3774 **)
430 3703 557 3775 Ἀνδρῶν
576 3705 693 3760 δάίνεῖν
712 3715 815 3762 τοῦτον
835 3709 849 3762 ὁ
869 3707 959 3762 ἐσθλὰ
976 3710 1054 3762 ’πιών
1073 3708 1226 3779 ἀναφαίνει

469 3792 513 3850 Ὡς
531 3794 561 3848 οἱ
576 3797 740 3868 μνημοσύνη
760 3801 806 3848 καί
824 3801 905 3864 μένοι
924 3795 991 3864 ἀμφ’
1011 3801 1118 3865 ἀρετῆς.

1192 3881 1259 3935 Ath.
1279 3881 1297 3934 l.
1317 3881 1335 3933 l.

442 4055 529 4127 ’Όφρα
547 4059 710 4124 τυραννοίηο
726 4048 798 4119 ἦσαν
818 4055 885 4107 ἄνευ
904 4058 1040 4126 στυγερῆς·

406 4141 509 4193 Ἠϊσαν
527 4141 564 4198 είς
583 4140 689 4213 ἀγορὴν
708 4140 904 4214 παναλσύργεα
923 4141 1001 4212 φάρε’
1021 4151 1128 4208 ἔχοντες

449 4228 487 4280 oo
500 4234 594 4295 patoes
614 4229 686 4299 ἤπερ
702 4227 787 4294 χίλιοι
805 4229 841 4284 ὡς
860 4227 964 4283 ἐπίπαν

413 4313 559 4380 Adlatres,
576 4321 705 4389 χαίτῃσιν
723 4314 908 4387 ἂγαλλόμενοι
924 4320 1068 4388 χαριίσσῃε

441 4400 582 4467 Ἀσκητοῖο
597 4399 686 4468 ὀδμὴν
702 4409 817 4476 χρίμασι
836 4399 990 4468 δευόμενοι.

1086 4490 1153 4543 Ath.
1172 4488 1208 4541 X.
1227 4507 1253 4559 p.
1273 4491 1332 4546 526.
