2910 4994
625 252 897 328 444...

183 433 291 508 ptores
307 425 543 515 Xenophanem
565 423 736 512 physicum
760 422 1010 511 appellaverint3
1035 425 1081 490 ita
1097 422 1216 490 Strabo
1238 424 1346 510 (XIV.
1358 426 1397 492 28.

179 556 209 620 p.
232 536 303 602 643.
327 538 375 604 ed.
399 537 555 620 Oasaub.)
579 537 721 621 scripsit:
756 527 959 623 Ξενοφάνης,
982 531 1000 601 ὁ
1023 531 1174 624 φυσικὸς,
1196 532 1215 602 ὁ
1241 531 1324 613 τοὺς
1344 539 1397 603 at

178 647 255 721 λονς
277 644 434 732 ποιήσας,
464 659 497 715 et
524 649 686 715 Eusebius
709 655 791 721 (can.
815 648 923 715 chron.
947 649 989 713 ad
1012 647 1061 714 01.
1084 651 1133 714 60.
1159 673 1185 717 a.
1209 653 1245 732 2)
1268 652 1397 716 notarit:

178 752 371 848 Ξενοφάνης
394 765 450 828 καὶ
471 761 663 839 Φωκυλίδης
686 759 927 847 ἑγνωρίζετο*).
960 761 1075 847 Itaque
1097 760 1176 826 illud
1198 755 1237 828 ἓν
1261 765 1322 828 καὶ
1344 759 1398 828 πᾶν

179 872 239 934 etsi
261 895 325 937 non
347 875 432 940 idem
456 876 508 952 sit,
531 873 617 960 quod
640 894 795 960 corporea
809 871 992 939 Ionicarum
1016 872 1282 961 philosophorum
1305 898 1398 940 rerum

179 984 353 1081 principia,
377 987 433 1052 sed
455 986 551 1070 longe
575 985 740 1066 subtilius,
763 994 872 1048 manet
893 994 1019 1067 tamen,
1049 985 1134 1069 quod
1167 1008 1235 1050 non
1259 1010 1302 1051 ea
1321 988 1400 1052 attii·

175 1092 259 1159 bata
279 1098 415 1167 moralia
436 1099 543 1179 habet,
566 1097 608 1162 ad
630 1118 714 1183 quae
743 1117 868 1160 morum
896 1095 1066 1184 disciplina
1089 1099 1192 1183 possit
1213 1099 1329 1164 referri
1343 1100 1401 1178 ²¹²⁸).

179 1205 393 1294 >Philosophia
423 1209 637 1297 Xenophanis
675 1209 806 1274 moralis
838 1230 909 1272 cum
945 1209 1069 1296 reliqua
1098 1210 1168 1296 ejus
1205 1209 1403 1298 philosophia

78 1295 83 1303 .
180 1316 267 1384 nulla
294 1323 418 1388 ratione
447 1321 622 1388 cohaerere
648 1322 784 1386 videtur.
838 1321 996 1385 Doctrina
1026 1321 1240 1409 Xenophanis
1270 1324 1404 1403 moralis,

180 1431 241 1494 etsi
270 1432 339 1517 ejus
367 1434 591 1522 philosophiae
618 1432 810 1520 principium
838 1435 871 1496 in
904 1432 1067 1517 theologia
1084 1444 1130 1499 et
1161 1435 1319 1520 religione
1340 1458 1403 1500 ver·

181 1552 286 1624 satur,
309 1567 374 1610 non
396 1548 577 1612 continetur
606 1545 760 1629 religione
789 1545 845 1610 sed
877 1544 945 1609 sola
974 1547 1116 1628 ratione,
1146 1569 1210 1611 non
1242 1547 1287 1611 ad
1318 1549 1404 1612 deum

179 1655 362 1721 referuntur
383 1680 507 1722 morum
530 1669 705 1745 praecepta
727 1657 784 1721 sed
807 1657 849 1721 ad
870 1656 1039 1724 hominem.

268 1768 364 1850 Quod
393 1792 495 1853 genus
517 1773 646 1835 virtutis
670 1791 768 1857 quum
789 1792 853 1834 non
876 1770 1017 1834 exerceri
1034 1771 1135 1854 possit
1150 1771 1212 1834 nisi
1229 1771 1271 1836 ab
1289 1795 1338 1854 eo,
1360 1774 1408 1859 qui

181 1878 328 1962 politiore
356 1881 555 1947 humanitate
580 1883 747 1968 praeditus
779 1884 834 1961 sit,
860 1881 995 1946 liberum
1027 1882 1196 1946 arbitrium
1228 1884 1409 1966 obtinuerit,

182 1989 319 2076 denique
342 1994 441 2057 animi
464 1995 514 2057 sui
537 1995 770 2081 praestantiam
785 2003 872 2058 recte
888 1995 1116 2075 aestimaverit,
1138 1998 1289 2079 quaestio
1305 1999 1410 2077 oritur,

182 2123 259 2166 num
281 2105 314 2168 in
337 2104 542 2191 Xenophane
563 2106 636 2170 illac
659 2108 788 2170 virtutis
810 2127 928 2170 causae
952 2108 1160 2195 reperiantur.

267 2215 454 2281 Politiorem
470 2216 704 2282 humanitatem
715 2220 749 2282 in
761 2217 964 2305 Xenophane
976 2219 1084 2299 fuisse,
1095 2239 1228 2282 necesse
1239 2242 1308 2284 non
1320 2230 1409 2286 estut

183 2327 389 2410 singulariter
411 2328 663 2416 comprobemus.
692 2328 849 2396 ‘Liberum
865 2333 933 2417 ejus
950 2331 1118 2395 arbitrium
1132 2332 1406 2419 circumscriptum

183 2447 216 2503 et
236 2439 362 2504 finitum
384 2463 449 2505 non
471 2451 556 2523 erat,
579 2464 682 2528 neque
705 2442 893 2527 disciplinae
915 2443 1010 2507 ullius
1032 2440 1285 2520 consuetudine,
1311 2439 1406 2530 neque
1442 2482 1445 2613 p

183 2550 388 2637 opinionibus
403 2556 606 2638 praesumtis,
628 2577 732 2640 neque
747 2555 799 2619 dei
814 2556 1006 2639 cognitione,
1028 2556 1074 2618 ita
1088 2563 1124 2617 ut
1138 2555 1406 2639 quemadmodum
1443 2620 1445 2651 Ι

184 2662 327 2749 Spinoza
350 2673 436 2729 totus
459 2688 531 2730 cum
555 2666 614 2730 deo
637 2669 752 2749 coiret,
784 2666 834 2731 vel
858 2665 1126 2753 quemadmodum
1151 2665 1269 2734 Graeci
1293 2680 1405 2733 temere
1443 2664 1445 2719 i

185 2774 316 2840 deorum
347 2776 568 2842 voluntatibus
598 2788 734 2864 pareret.
786 2778 886 2843 Liber
908 2787 940 2842 et
970 2775 1091 2843 solutus
1120 2799 1213 2840 suum
1242 2773 1405 2838 arbitrium
1443 2762 1445 2767 ⁵

184 2888 274 2972 sequi
295 2889 399 2974 potuit
420 2888 648 2975 Xenophanes.

268 2998 517 3067 Excutientibus
539 3015 645 3068 autem
659 3003 893 3090 quaestionem,
916 3024 992 3066 num
1009 2999 1230 3086 Xenophanes
1248 3001 1299 3063 ita
1313 2999 1407 3063 animi

184 3112 234 3175 sui
252 3115 485 3198 praestantiam
508 3116 651 3197 senserit,
689 3123 724 3178 ut
750 3115 791 3178 ad
823 3136 894 3177 eain
926 3137 1020 3179 omne
1042 3114 1182 3178 officium
1204 3111 1408 3176 referendum

185 3224 392 3308 existimaret,
415 3226 543 3292 adduc
567 3228 635 3314 ejus
658 3226 824 3292 effatorum
848 3225 1081 3312 respiciendum
1094 3225 1188 3291 nobis
1204 3233 1262 3290 est.
1310 3223 1411 3301 Prius,

185 3335 276 3422 cujus
293 3335 364 3422 jam
388 3361 485 3425 supra
507 3340 703 3404 mentionem
722 3339 865 3421 fecimus,
887 3339 1044 3424 reperitur
1067 3336 1152 3424 apud
1176 3336 1315 3401 Sextum
1338 3335 1411 3400 Em-

184 3448 319 3533 piricum
343 3447 469 3536 (Pyrrh.
492 3450 516 3515 I.
540 3451 590 3517 33.
613 3452 701 3532 223),
733 3450 788 3515 ubi
817 3448 933 3514 Timon
955 3449 1190 3536 Xenophanem
1224 3446 1312 3511 haec·
1339 3445 1415 3510 facit

184 3559 358 3625 dicentem:
1152 3635 1155 3642 Ι

353 3668 407 3749 Ὡς
430 3675 487 3739 καὶ
509 3669 592 3759 ἐγὼν
614 3669 737 3765 ὄφελον
758 3673 899 3740 ποκονοῦ
920 3675 1002 3740 νόου
1025 3670 1251 3757 ἀντιβολῆσαι

351 3779 684 3874 Ἁμφοτερόβλεπτος
706 3786 799 3878 δοκίη
821 3781 926 3868 δ’ὃδῷ
948 3777 1173 3865 ἐξηπατήθην

358 3893 588 3984 Πρεσβυγενὴς
608 3894 647 3964 ἔτ’
674 3895 735 3964 ἐών
757 3900 813 3963 καὶ
835 3893 1093 3984 ἁπονθηριστος
1116 3893 1249 3974 ἁπάσης

354 4007 602 4090 Σκεπτοσύνης.

190 4155 376 4163 μ-φ---μφ-
391 4155 394 4160 .

258 4223 283 4288 *)
321 4214 483 4283 Φωκυλίδης
502 4224 550 4271 καὶ
567 4220 730 4290 Ξενοφάνης
748 4216 912 4290 φυσικός...
930 4220 1106 4288 ἐγνωρίζετο.

238 4307 277 4373 ”l
313 4303 408 4359 Selbst
425 4304 476 4356 das
495 4304 646 4360 elcatische
660 4304 725 4361 Scin
745 4306 801 4358 uud
822 4305 873 4358 dus
887 4302 1098 4359 heracliteische
1115 4303 1238 4356 Werden
1257 4305 1324 4359 sind
1345 4306 1415 4360 noch

186 4391 265 4446 nicht
284 4391 362 4446 rcine
380 4390 773 4462 Godankenbestimmungen,
803 4392 923 4446 sondern
949 4391 1023 4447 noch
1052 4390 1187 4444 materiell
1205 4389 1341 4462 gefarbte
1360 4397 1415 4448 Au·

186 4485 381 4549 schauungen‚
400 4479 607 4554 verunreinigte
628 4479 749 4551 Begriffe
767 4485 820 4534 etc.
855 4479 1028 4552 Schwegler‚
1053 4477 1154 4532 Gesch.
1174 4477 1199 4530 d.
1219 4478 1328 4535 Philos.
1348 4499 1376 4552 p.
1392 4483 1416 4536 3.
