2910 4994
615 249 828 314 ..18.„

108 431 193 485 noza
214 423 392 508 reperimus
414 459 458 469 —
481 420 559 506 (duo
581 418 637 482 illa
659 439 780 502 genera
801 417 994 504 pantheismi
1011 419 1184 501 sufficiant,
1208 420 1327 506 quibus-

109 553 181 596 cum
211 543 416 622 comparatus
439 531 650 617 Xenophanis
680 529 901 615 pantheismus
931 532 1158 619 perspiciatur)
1183 571 1225 581 --
1247 533 1329 598 intel

108 645 254 730 ligimus,
277 669 350 711 eum
372 647 500 709 virtutis
523 643 701 730 principia,
725 641 834 727 qualia
855 644 890 708 in
911 643 1035 709 illorum
1058 643 1268 731 philosophia
1288 667 1329 709 re·

109 759 268 844 perimus,
297 759 461 822 continere
486 754 591 835 nulla,
621 758 666 819 ita
689 765 724 819 ut
746 754 950 842 philosophia
972 755 1187 843 Xenophanis
1208 757 1331 822 moralis

80 883 82 888 '
109 891 181 935 oum
196 871 320 956 reliqua
336 870 404 956 ejus
426 867 639 957 philosophia,
661 866 805 953 physicis
820 879 853 932 et
867 867 1105 953 metaphysicis,
1125 872 1260 934 omnino
1275 892 1330 934 non

109 980 303 1061 cohaeserit,
334 991 391 1045 aut
412 991 497 1045 certe
529 979 569 1042 de
600 979 660 1042 hac
689 1001 723 1043 re
745 988 875 1065 propter
896 979 1103 1066 reliquiarum
1127 983 1333 1066 exiguitatem

110 1095 206 1157 statui
228 1093 308 1157 nihil
328 1095 438 1180 possit.

197 1205 298 1293 Cujus
321 1207 367 1269 rei
390 1205 561 1290 explicatio
584 1206 649 1291 jam
671 1202 713 1268 ad
737 1201 870 1267 alteram
893 1203 1129 1269 dissertationis
1150 1204 1251 1291 hujus
1267 1228 1333 1292 par·

109 1328 174 1383 tem
196 1319 342 1403 pertinet.

679 1876 769 1974 II.

224 2159 323 2225 Stoici
353 2160 446 2224 deum
488 2169 520 2223 et
549 2160 703 2224 mundum
747 2184 845 2227 unam
888 2158 1086 2246 eandemque
1125 2158 1339 2225 substantiam

115 2271 287 2358 ponebant.
332 2270 392 2336 Oui
416 2293 514 2356 quum
536 2274 693 2339 rationem
715 2273 911 2354 tribuerent,
941 2267 1112 2357 dilinaque
1143 2275 1273 2339 ratione
1295 2295 1338 2336 re-

113 2406 187 2451 rum
210 2393 359 2450 naturam
390 2383 546 2448 contineri
578 2385 829 2466 arbitrarentur,
862 2407 1021 2451 summum
1049 2385 1167 2450 bonum
1197 2385 1242 2450 ad
1273 2407 1339 2450 eam

116 2495 235 2560 referre
260 2504 434 2581 potuerunt
467 2495 635 2561 docentes:
681 2481 856 2562 secundum
885 2496 972 2560 illam
1005 2499 1161 2561 rationem
1195 2495 1340 2562 homines

118 2609 227 2674 vivere
250 2616 405 2693 oportere.
451 2589 509 2672 Ιιο·
526 2612 704 2676 arctissime
726 2610 930 2697 philosophia
953 2609 1084 2674 moralis
1106 2630 1179 2677 cum
1202 2608 1339 2696 philoso-

118 2721 214 2808 phiae
244 2702 354 2784 eornm
378 2742 503 2785 summa
526 2721 699 2806 cohaeret„
730 2723 764 2786 Si
787 2722 831 2786 ed
853 2720 1064 2809 Xenophanis
1094 2722 1198 2802 dicta,
1226 2719 1340 2808 quibus
1375 2766 1377 2772 ι

119 2833 230 2896 divina
253 2841 369 2896 natura
390 2832 540 2897 definitur
563 2836 761 2921 respicimus,
785 2836 818 2897 in
841 2857 905 2897 uno
935 2843 1061 2899 tantum
1090 2833 1227 2901 rationis
1258 2855 1340 2896 men·

120 2947 241 3009 tionem
263 2945 332 3008 fieri
356 2943 573 3028 intelligimus,
598 2924 720 3030 nempe*
734 2947 767 3011 in
789 2944 859 3012 illo:

243 3036 329 3120 '’Att’
357 3042 531 3143 desinenda
552 3059 670 3123 πόνοιο
690 3049 771 3123 νόου
793 3058 887 3151 φρενὶΙ
909 3051 1025 3143 πάντα
1047 3057 1224 3140 κραδαίνοι.
1375 3118 1377 3140 ,

122 3167 278 3257 (Simpli‘e.
302 3168 344 3232 ad
359 3169 457 3261 Arist.
479 3168 572 3257 phys.
596 3169 615 3235 f.
640 3170 667 3236 6.
691 3169 733 3256 a.)
776 3167 922 3254 ,,Ψρενὶ“
945 3171 1052 3233 omnia
1074 3168 1254 3255 gubernari
1270 3167 1344 3231 dicit
1375 3159 1377 3192 ²

123 3259 352 3374 Xenophanes.
398 3280 463 3344 Sed
485 3280 652 3347 videamus
674 3283 751 3368 jam,
773 3302 856 3368 quae
879 3281 920 3345 sit
942 3281 1031 3345 vdcis
1062 3272 1191 3369 ,,φρήν“
1217 3281 1269 3344 vis
1298 3287 1342 3341 at-

123 3380 184 3489 que
215 3392 416 3486 significatio,
439 3393 534 3457 alium
559 3394 643 3456 enim
658 3392 713 3457 illa
723 3415 789 3459 vox
804 3393 997 3456 intellectum
1014 3391 1111 3457 habet
1123 3392 1209 3478 apud
1222 3391 1343 3480 Pytha·

122 3508 245 3588 goram,
267 3504 363 3568 alium
387 3507 472 3590 apud
497 3504 683 3570 Homerum.
726 3503 949 3590 Pythagoras,
981 3506 1006 3568 si
1034 3506 1225 3589 respicimus
1249 3504 1344 3586 Diog.

122 3615 229 3681 Laert.
254 3615 343 3697 VIII.
367 3619 425 3681 30:
479 3611 540 3699 τὴν
572 3618 606 3681 δὲ
636 3609 825 3702 ἀνθρώπου
857 3608 972 3702 ψυχὴν
1001 3616 1207 3699 διαιρεῖσθαι
1244 3615 1347 3703 τριχῆ,

117 3726 165 3820 ,εἲς
190 3751 224 3792 τε
245 3716 325 3792 νοῦν
347 3731 403 3793 καὶ
426 3734 548 3817 φρένας
570 3731 625 3794 καὶ
648 3724 773 3813 θυμόν.
797 3728 892 3794 Νοῦν
911 3728 973 3811 μὲν
1002 3712 1063 3792 οὗν
1086 3723 1170 3794 εἶναι
1199 3729 1258 3793 καὶ
1282 3731 1345 3792 θν-

122 3834 187 3924 μὸν
210 3841 266 3904 καὶ
288 3845 323 3904 ἐν
347 3848 415 3916 τοῖς
437 3834 550 3918 ἄλλοις
573 3842 675 3923 ζώοις,
707 3845 828 3929 φρένας
851 3840 885 3904 δὲ
915 3842 1021 3923 μόνον
1041 3845 1076 3904 ἐν
1097 3837 1147 3922 τῷ
1169 3834 1346 3923 ἀνθρώπῳ

124 3975 182 4038 per
204 3973 315 4015 vocem
340 3946 428 4040 φρὴν
451 3955 608 4018 rationem
630 3953 796 4038 intelligit,
829 3974 986 4015 summam
1017 3952 1348 4038 perfectissimamque

125 4063 256 4127 humani
280 4064 378 4127 animi
400 4066 594 4146 facultatem,
616 4087 681 4152 qua
703 4072 811 4128 cetera
834 4065 1010 4128 ammantia
1031 4073 1168 4152 superet.

211 4174 305 4256 Quod
328 4187 441 4242 contra
463 4179 548 4266 apud
561 4178 748 4259 Homerum,
770 4175 1064 4260 utNaegelsbachii
1077 4176 1111 4261 *)
1133 4175 1244 4242 verbis
1267 4187 1349 4252 utar,

124 4369 333 4378 ——m

211 4470 239 4541 *)
274 4467 481 4540 Naegelsbach,
500 4469 572 4525 hom.
593 4467 691 4523 Theol.
708 4468 822 4540 (Abriss
837 4466 887 4543 der
906 4469 977 4522 horn.
996 4464 1205 4540 Psychologie.)
