2910 4994
721 704 847 798 ΠΙ.

265 1044 477 1131 Xenophanis
500 1045 540 1109 de
563 1044 690 1107 virtutis
714 1041 820 1106 studio
843 1049 1018 1128 praecepta
1043 1062 1176 1127 prorsus
1212 1038 1281 1105 fere
1312 1061 1405 1126 oppe-

179 1155 242 1220 sita
262 1154 362 1221 fuisse
385 1157 501 1221 aetatis
522 1156 608 1220 illius
630 1154 759 1238 ingenio
791 1154 863 1239 jam
894 1175 992 1239 supra
1023 1152 1182 1218 diximus:
1204 1149 1257 1214 ille
1281 1173 1405 1215 omnem

179 1288 304 1330 morum
327 1267 529 1353 disciplinam
553 1266 595 1333 ab
618 1267 757 1332 hominis
780 1265 923 1345 arbitrio,
946 1263 1032 1329 cultu
1055 1263 1185 1349 quidem
1207 1271 1240 1327 et
1261 1262 1406 1327 humani·

179 1386 246 1443 tate
266 1387 444 1466 temperato
468 1379 627 1466 proficisci
648 1379 763 1459 voluit,
799 1376 885 1464 apud
908 1375 1051 1442 Graecos
1073 1376 1177 1440 omnis
1198 1397 1268 1441 mos
1294 1377 1341 1440 ita
1362 1397 1407 1440 re·

179 1488 300 1573 ligione
321 1491 503 1572 nitebatur,
525 1500 561 1556 ut
582 1489 704 1555 nefarie
728 1510 823 1574 agere
846 1489 1102 1569 existimaretur,
1130 1489 1185 1574 qui
1208 1510 1304 1553 suum
1327 1486 1408 1553 arbi·

179 1602 276 1666 trium
298 1601 526 1689 interponeret.
569 1603 737 1686 Religione
759 1602 867 1666 omnia
890 1600 1031 1666 familiae
1054 1608 1085 1663 et
1105 1599 1247 1665 civitatis
1261 1601 1410 1665 instituta

179 1712 445 1797 continebantur3
477 1717 547 1801 jam
576 1736 748 1803 puerorum
772 1713 920 1778 educatio
942 1713 1115 1798 praecipue
1137 1713 1171 1775 in
1192 1712 1312 1777 ionicis
1334 1713 1408 1775 ciri-

180 1824 303 1890 tatibus
326 1825 424 1891 adid
446 1829 586 1893 maxime
609 1827 779 1910 dirigenda
793 1824 973 1906 videbatur,
997 1833 1032 1889 ut
1045 1825 1200 1909 religione
1214 1845 1408 1889 morescon-

178 1935 395 2002 formarentur
407 1939 449 2026 *).

269 2048 333 2114 Sed
356 2052 417 2115 etsi
436 2051 563 2131 Graeci,
587 2073 629 2114 ex
649 2049 706 2115 illa
728 2048 883 2133 religione
898 2046 998 2112 veluti
1013 2071 1054 2112 ex
1068 2050 1202 2135 perenni
1218 2049 1312 2114 fonte
1333 2047 1408 2114 bau·

184 2162 325 2242 rienteo,
355 2183 450 2228 omne
479 2163 609 2249 pietatis
639 2153 801 2247 animique
822 2157 998 2246 voluptatis
1021 2159 1215 2226 desiderium
1239 2161 1411 2247 explerent,

180 2281 292 2337 tamen
314 2272 404 2339 illum
427 2274 547 2340 fontem
572 2295 677 2360 neque
698 2275 859 2357 integrum
882 2295 986 2360 neque
1008 2271 1183 2337 salutarem
1205 2294 1280 2339 esse
1297 2284 1408 2340 eventu

186 2393 338 2470 expertus
361 2386 489 2451 videtur
509 2386 739 2474 Xenophanes.
782 2385 941 2451 Omnibus
974 2386 1057 2450 enim
1081 2386 1182 2449 sacris
1205 2385 1407 2471 opinionibus

183 2518 369 2583 morumque
389 2500 580 2584 praeceptis,
603 2499 750 2584 quamvis
775 2519 899 2563 summa
914 2498 1106 2563 auctoritate
1120 2496 1284 2581 florerent,
1308 2497 1407 2585 prohi-

183 2607 288 2675 bitum
310 2632 376 2675 non
398 2619 456 2691 est,
479 2613 565 2696 quin,
589 2609 732 2675 moribus
754 2611 864 2694 magis
881 2611 1049 2695 magisque
1072 2611 1243 2697 corruptis,
1257 2611 1407 2676 effrenata

182 2720 345 2807 cupiditas
368 2723 507 2786 civitatis
530 2724 657 2788 ruinam
679 2721 821 2787 traheret
832 2722 895 2807 *it
929 2776 938 2784 ..

268 2831 468 2916 Religionem
499 2844 637 2917 autem,¹
654 2856 675 2899 a
696 2856 762 2919 qua
793 2834 932 2909 omnium
958 2834 1172 2919 cupiditatum
1192 2834 1328 2901 lieentia
1348 2857 1407 2900 non

185 2942 394 3027 abhorreret,
424 2946 584 3013 infirmam
607 2956 639 3011 et
661 2945 808 3013 fallacem
831 2967 919 3025 esse,
947 2944 1030 3010 bene
1059 2949 1265 3033 perspexisse
1287 2949 1408 3013 videtin

182 3055 419 3142 Xenophanes,
441 3079 637 3145 quamquam
661 3059 730 3124 sola
751 3058 806 3123 illa
828 3057 982 3141 religione
1004 3080 1129 3123 omnem
1148 3061 1326 3145 perniciem
1338 3059 1408 3125 allu-

183 3178 250 3235 tam
272 3191 353 3251 esse,
377 3170 472 3235 nimis
496 3169 669 3237 violentum
693 3182 743 3237 eet
766 3170 880 3234 dicere.
924 3168 1056 3258 Anceps
1080 3173 1164 3237 enim
1185 3182 1256 3236 erat
1272 3172 1407 3239 Graeco

253 3457 280 3524 ³)
316 3452 373 3508 cfr.
384 3452 515 3522 Greuzer,
541 3452 948 3524 symb.u.Myth.1.§efl.
986 3453 1081 3507 Prima
1098 3453 1220 3523 pueritia
1238 3454 1347 3510 fabulis
1364 3455 1410 3509 im·

184 3541 336 3610 buebatur,
355 3539 514 3609 provectior
532 3545 611 3595 aetas
630 3557 738 3593 morum
757 3556 843 3594 causa
862 3540 894 3595 in
910 3540 1126 3612 pronuntiandis
1144 3539 1319 3596 carminibus
1339 3558 1412 3597 exer-

185 3628 312 3697 cebatur,
340 3627 385 3682 oui
408 3628 450 3682 rei
474 3627 625 3682 selectione
639 3626 737 3680 habita
755 3644 850 3682 eorum
869 3634 1015 3699 poetarum
1039 3645 1136 3698 opere,
1165 3627 1215 3698 qui
1234 3629 1270 3683 de
1289 3631 1411 3685 moribus

185 3715 372 3789 scripserant,
398 3715 551 3785 praecipue
575 3713 704 3782 Homeri,
723 3713 853 3779 Hesiodi,
872 3715 1037 3783 Simonidis,
1062 3714 1255 3771 inserviebant
1298 3716 1412 3771 Homeri

186 3801 312 3855 carmina
330 3817 348 3854 a
365 3799 550 3854 Pisistratidis
578 3800 696 3854 collecta
723 3806 750 3853 et
775 3798 921 3874 divulgata
950 3803 1019 3873 (Ael.
1040 3819 1096 3855 var.
1115 3802 1180 3858 hist.
1198 3800 1277 3855 XIII.
1296 3804 1339 3859 14.
1359 3802 1413 3858 cie.

186 3889 213 3942 d.
234 3893 304 3942 orat.
323 3886 374 3941 Ili.
392 3886 455 3955 tib),
473 3887 535 3957 ipso
553 3885 738 3957 Xenophanis
756 3892 881 3959 tempore
893 3955 895 3959 Ι
908 3889 1026 3942 multum
1050 3889 1217 3943 auctoritate
1235 3888 1362 3944 valuisse
1378 3889 1415 3944 ri·

186 3977 291 4031 dentur
307 3990 400 4044 neque
418 3975 562 4028 minimum
581 3973 658 4042 apud
677 3973 878 4044 Colophonios,
910 3975 958 4046 qui
986 3993 1048 4030 eum
1076 3992 1124 4030 sex
1148 3975 1205 4029 illis
1232 3976 1355 4032 urbibus
1380 3977 1415 4031 de

187 4064 293 4133 „stirpe
313 4060 432 4135 insignis
449 4061 565 4115 Homeri
583 4064 722 4115 certasse“
741 4062 899 4117 traduntur.
934 4062 1018 4133 (Geli.
1037 4062 1071 4117 N.
1090 4064 1124 4118 A.
1144 4061 1193 4116 ΠΙ.
1213 4064 1268 4134 11.)

254 4151 294 4218 *²⁸¹)
329 4147 439 4204 Aelian.
458 4147 525 4204 Vae.
550 4147 611 4201 hist.
637 4147 658 4201 Ι.
684 4149 730 4203 19:
760 4145 793 4203 uA
821 4149 875 4221 yer'p
904 4151 953 4202 οὔκ
980 4151 1037 4202 ἐοιι
1063 4157 1121 4206 τοῖς
1148 4148 1261 4206 πολλοῖς
1284 4152 1415 4223 γνώριμα

185 4240 263 4290 ταῦτ’
280 4236 334 4306 ἐγώ
354 4236 418 4304 ἐρῶ·
452 4234 651 4305 Κολοφωνίους
672 4239 740 4304 φασὶ
758 4240 806 4287 καὶ
827 4236 926 4292 αὐτοῦς
946 4236 992 4288 διὰ
1018 4241 1077 4290 τῶν
1102 4236 1177 4289 πάνυ
1199 4243 1317 4308 τροφῶν
1343 4239 1416 4294 dao-

186 4322 297 4376 terem·
313 4327 361 4374 καὶ
378 4321 433 4394 γάρ
459 4343 504 4376 τοι
526 4326 576 4374 καὶ
601 4311 680 4374 οὗτοι
702 4323 804 4388 ἐσθῆτι
831 4322 978 4377 πολυτελεῖ
1000 4324 1179 4390 ἑθριλπτοοτο
1205 4329 1253 4376 καὶ
1279 4328 1418 4398 τραπέζης

186 4410 296 4476 ἂοωτίᾳ
314 4414 362 4460 καὶ
379 4409 450 4482 ὑπὲρ
467 4411 518 4476 τὴν
535 4416 632 4484 perior
649 4410 790 4482 χρώμενοι
807 4409 934 4482 ὕβριζον.
