2910 4994
67 254 74 311 t
625 275 665 285 -
711 237 754 303 35
800 275 838 284 -

67 328 77 387 k.
896 359 898 365 ,

67 396 73 505 l
113 415 153 472 ut
186 416 367 489 recusaret,
397 411 539 475 animum
571 409 757 492 demergere
786 408 818 471 in
852 406 1075 472 abstrusorum
1102 430 1209 472 rerum
1240 430 1352 497 perve-

67 522 70 603 ξ
115 519 331 602 stigationem.

67 608 73 633 ’
205 627 435 693 Praecurrerat
457 629 676 718 Xenophanes
708 638 847 692 aetatem
877 650 977 692 suam.
1022 628 1067 692 Ut
1097 630 1227 695 omnino
1250 629 1350 696 Gras-

118 761 230 805 oorum
253 740 400 805 civitates
429 742 518 807 cultu
540 751 573 806 et
594 739 796 805 humanitate
821 740 957 804 celerius
979 750 1150 806 creverunt
1179 763 1276 827 quam
1298 765 1350 809 ce·

118 854 181 917 teri
208 852 336 938 populi,
373 853 419 917 ita
448 855 480 917 in
511 855 585 941 ipsa
607 850 746 917 Graecia
776 851 922 916 coloniae
950 853 1107 916 maturius
1140 852 1351 919 adoleverunt

118 984 218 1050 quam
248 965 362 1050 patria.
407 965 538 1030 Primae
575 986 634 1029 eae
664 961 872 1050 philosophos
911 961 1121 1051 protulerunt,
1160 964 1217 1028 sed
1253 966 1349 1031 etiarn

117 1074 167 1139 illi
185 1074 369 1163 philosophi
391 1075 640 1163 cogitationibus
665 1075 730 1138 suis
746 1073 797 1138 vel
815 1073 964 1138 excultae
985 1075 1064 1138 satis
1085 1076 1200 1159 gentis,
1222 1100 1263 1140 ex
1286 1100 1350 1164 qua

66 1184 73 1275 l
117 1187 307 1267 eruerant,
334 1189 499 1272 opiniones
523 1189 645 1274 egressi
669 1195 751 1251 sunt.

66 1280 69 1311 ³
208 1285 303 1361 Inter*
317 1319 397 1382 quos
418 1308 515 1385 qu'um
538 1308 624 1365 esset
638 1297 867 1384 Xenophanes,
890 1295 1016 1376 accidit,
1039 1307 1074 1360 ut
1089 1318 1161 1360 eum
1180 1309 1270 1364 aetas
1291 1323 1350 1366 sua

66 1432 72 1469 :-
114 1430 237 1496 parum
260 1408 450 1493 intelligeret
471 1434 574 1498 neque
596 1433 655 1497 pro
679 1411 791 1474 merito
816 1408 1010 1490 dignaretur.
1068 1409 1349 1491 Quemadmodum

112 1529 231 1586 autem
246 1519 363 1585 Graeci
378 1521 452 1586 olim
468 1524 743 1602 existimaverunt,
765 1519 883 1585 bellum
899 1519 1051 1584 Troicum
1075 1531 1200 1603 gestum
1217 1544 1298 1602 esse,
1314 1534 1351 1588 ut

111 1632 185 1719 ipsi
208 1629 366 1696 haberent
383 1633 469 1718 quod
490 1643 643 1698 canerent
670 1636 740 1711 (ἵνα
762 1616 819 1722 ᾖσι
840 1632 896 1696 καὶ
919 1635 1143 1715 ἐσσομένοισιν
1165 1627 1285 1722 ἀοιδή),
1305 1637 1352 1701 ita

112 1765 183 1811 noe
207 1743 313 1809 dicere
335 1765 523 1831 possumus,
553 1745 646 1810 nobis
675 1745 797 1808 vixisse
827 1752 859 1806 et
880 1743 1040 1824 cogitasse
1062 1742 1134 1808 illos
1153 1743 1350 1813 Graecorum

111 1854 350 1943 philosophos,
373 1858 400 1920 si
422 1859 456 1921 in
478 1859 600 1941 ingenii
622 1878 732 1921 eorum
755 1856 938 1939 cognitione
960 1862 1045 1919 totos
1075 1877 1134 1919 nos
1156 1856 1351 1925 collocamus

108 1971 274 2056 ipsosque
296 1967 496 2035 edomamus.
