2910 4994
695 234 888 297 ,6-

264 404 440 489 Eleganter
461 424 521 467 nec
542 423 607 467 non
638 403 776 468 scienter
806 402 846 467 de
868 401 1081 491 Xenophanis
1106 405 1174 469 vita
1204 413 1237 468 et
1268 401 1402 491 philoso·

179 517 257 603 phia
280 516 410 603 scripsit
431 515 543 582 Victor
566 512 687 580 (louein
720 515 914 596 (Nouveaux
935 515 1111 600 fragments
1133 509 1404 603 philosophiques,

179 627 273 694 Paris
294 626 400 711 1828).
450 625 517 690 Illis
547 627 683 691 accessit
711 627 854 692 Karsten
887 625 1177 712 (Philosophorum
1208 627 1403 693 Graecorum

81 785 91 796 ·
179 749 324 804 veterum
346 749 403 804 etc.
437 747 570 826 operum
601 736 755 823 reliquiae
784 737 855 802 Vol.
879 722 903 803 l.
930 759 960 823 p.
983 737 1008 803 l.
1039 737 1274 803 Amstelodami
1302 741 1404 820 1830),

180 852 235 937 qui
257 871 378 934 magna
401 870 473 913 curn
495 848 663 932 diligentia
685 857 717 913 et
740 842 918 913 subtilitate
936 848 1147 937 Xenophanis
1168 848 1403 937 philosophiam

179 959 316 1046 collegit,
349 968 581 1025 commentatus
612 969 676 1040 est,
707 960 873 1046 disposuit.
924 961 1098 1048 Perspicua
1127 961 1225 1025 etiam
1243 960 1406 1025 disseruit

179 1072 261 1138 Lud.
290 1072 378 1156 Berg
406 1071 496 1156 (diss.
519 1071 559 1135 de
581 1071 785 1159 Xenophane
807 1071 1015 1159 Colophonio.
1039 1072 1406 1157 Heidelbergae'1842).

178 1183 369 1270 Nuperrime
390 1204 458 1246 rem
480 1185 668 1249 retractavit
691 1184 744 1250 Fr.
758 1181 842 1249 Guil.
858 1183 942 1266 Aug.
954 1182 1097 1248 Mullach
1121 1183 1266 1270 (Fragm.
1291 1184 1403 1272 philos.

179 1293 293 1361 Graec.
323 1292 456 1358 Parisiis
481 1293 588 1381 1860),
610 1293 708 1359 effata
730 1292 919 1381 Xenophais
942 1294 1086 1378 collegit,
1109 1295 1259 1376 breviter,
1292 1308 1404 1361 exacte

176 1406 344 1487 recensuit.
390 1403 443 1471 Ex
464 1404 526 1471 illis
541 1405 683 1485 Karsten
699 1406 911 1499 Xenophanis
926 1404 1162 1495 philosophiam
1184 1409 1405 1493 copiosissime

76 1573 79 1586 ,
179 1517 332 1594 uactavit
358 1514 602 1602 distinctiusque
625 1539 721 1603 quam
744 1519 868 1608 priores
899 1517 941 1585 ad
964 1528 1064 1585 artem
1087 1518 1234 1604 redigere
1256 1520 1405 1586 instituit.

178 1629 349 1715 Disposuit
372 1636 480 1691 autem
495 1627 708 1714 Xenophanis
724 1628 852 1699 decreta
873 1629 907 1693 in
929 1638 995 1694 tres
1018 1639 1142 1717 partes:
1165 1631 1200 1695 in
1223 1629 1357 1695 decreta
1368 1631 1406 1695 de

178 1740 291 1807 divina
304 1747 431 1819 natura,
455 1738 494 1803 de
509 1738 663 1828 physicis,
687 1738 727 1804 de
741 1762 848 1807 rerum
870 1741 1061 1829 cognitione.
1105 1741 1223 1807 Tribus
1245 1741 1309 1806 illis
1334 1765 1405 1828 par-

92 1891 98 1896 *
177 1850 263 1936 tibus
275 1858 422 1937 quartam
445 1848 485 1913 de
500 1849 643 1915 moribus
660 1850 736 1915 addi
747 1872 843 1939 posse
855 1873 953 1938 quum
965 1851 1196 1926 arbitraremur
1208 1889 1244 1899 -
1261 1854 1405 1921 Karsten

178 1961 390 2049 Xenophauis
407 1958 494 2027 dicta
505 1959 580 2025 illuc
594 1962 787 2047 pertinentia
798 1962 926 2047 collegit
947 1972 979 2031 et
1001 1972 1235 2030 commentatus
1257 1977 1317 2047 est,
1343 1968 1405 2033 sin·

176 2074 309 2162 galatim
322 2082 429 2138 autem
442 2094 506 2138 non
522 2073 921 2159 exposuit-moralem
943 2075 1404 2167 philosophianeno·

177 2186 325 2275 phanis
348 2193 510 2272 partem
533 2182 758 2277 explicandam
781 2183 874 2255 nobis
896 2188 1129 2274 proposuimus.

262 2297 456 2383 Priusquam
479 2304 586 2367 autem
610 2295 652 2359 ad
675 2298 898 2385 exponendam
921 2297 1008 2371 illam
1031 2297 1241 2384 Xenophanis
1274 2300 1314 2364 de
1338 2323 1404 2366 mo-

176 2410 266 2502 ribus
295 2406 474 2479 doctrinam
507 2409 611 2494 ipsam
648 2408 847 2491 accedimus,
876 2410 911 2473 in
940 2409 1084 2476 moribus
1115 2419 1146 2474 ct
1174 2411 1304 2497 ingenio
1337 2415 1404 2500 ejus
1445 2476 1447 2497 Ξ

176 2519 363 2601 evolvendis
392 2518 525 2605 paulum
548 2519 811 2587 commorandum
833 2519 926 2586 nobis
949 2520 1085 2602 videtur,
1117 2531 1153 2589 ut
1181 2529 1300 2608 exigua
1331 2525 1405 2590 miri
1445 2518 1447 2529 '

135 2718 142 2726 ν
176 2631 260 2697 illius
283 2629 464 2718 philosophi
486 2624 625 2709 decreta,
660 2640 692 2695 et
724 2653 860 2721 quorum
882 2631 1036 2700 nonnulla
1058 2632 1242 2718 discrepare
1263 2636 1350 2700 inter
1372 2659 1404 2701 se

156 2726 157 2729 Ἴ
176 2742 336 2822 videntur,
359 2739 478 2807 clarius
503 2740 716 2828 explicemus;
745 2746 779 2808 in
807 2743 870 2808 fine
894 2752 1000 2811 autem
1023 2745 1259 2832 respiciendum
1284 2747 1328 2810 ad
1351 2769 1401 2813 ra-

177 2854 315 2935 tionem,
344 2874 427 2938 quae
457 2852 668 2938 Xenophanis
699 2853 865 2920 doctrinae
895 2855 1009 2923 morali
1032 2879 1104 2921 cum
1127 2857 1246 2925 aetatis
1269 2859 1340 2951 ejus
1355 2860 1401 2922 in·
1432 2893 1436 2896 ·

176 2966 271 3050 genio
293 2963 524 3058 intercesserit.
561 2964 675 3051 Itaque
697 2975 806 3052 partes
829 2966 1025 3033 instituimus
1049 2966 1146 3031 hasce
1167 2976 1250 3034 tres:
1274 2968 1315 3032 de
1337 2969 1402 3037 Xe·

175 3075 334 3165 nophanis
356 3075 485 3157 ingenio
506 3085 538 3138 et
555 3076 709 3158 moribus,
733 3077 772 3140 de
796 3076 941 3145 doctrina
963 3080 1031 3165 ejus
1054 3079 1176 3158 morali,
1201 3077 1241 3143 de
1265 3083 1401 3163 ratione,

176 3207 259 3274 quae
281 3185 311 3250 ei
333 3206 406 3251 cum
422 3187 538 3251 aetatis
561 3185 646 3251 illius
668 3188 797 3273 ingenio
819 3189 1042 3263 intercesserit.
