2910 4994
566 242 778 306 „17-

54 413 139 494 leue,
177 414 243 479 und
263 473 266 479 .
283 411 434 479 scheitert
471 411 589 479 daher·
609 436 651 478 an
689 411 746 477 der
784 411 1046 497 Unmbglichkeit
1084 413 1188 476 seines
1225 410 1287 475 Be·

55 528 228 609 ginnens.“
242 525 277 610 *)

106 691 111 696 ·
149 654 202 720 Ita
234 653 470 742 Xenophanem
503 651 689 716 describens
722 656 781 718 etsi
806 651 942 718 Cramer
972 675 1012 718 ex
1034 662 1166 718 nostrae
1195 653 1290 717 nimis

59 769 183 832 aetatis
204 767 333 850 ingenio
360 765 486 829 locutus
513 786 585 828 esse
606 764 774 842 videatur,
808 777 918 831 manet
938 776 1065 848 tamen,
1097 764 1182 851 quod
1204 774 1290 828 recte

58 877 229 958 intellexit
257 877 502 965 Xenophanem,
533 877 664 942 elatiore
688 879 827 964 quodam
856 880 964 943 animo
986 878 1178 966 praeditum,
1199 896 1289 942 suam

16 1051 23 1056 .
59 1004 151 1056 certe
174 1000 313 1055 aetatem
336 991 563 1078 praecurrisse.

150 1119 301 1185 Cernitur
324 1130 441 1197 autern,
464 1129 500 1183 ut
516 1121 587 1207 jam
611 1141 710 1205 supra
722 1120 871 1202 diximus
894 1119 949 1183 illa
973 1120 1072 1183 animi
1095 1119 1191 1185 elatio
1212 1120 1291 1183 etin
1379 1142 1382 1147 ·

59 1235 185 1318 pietate
209 1231 364 1315 singulari
387 1232 472 1315 etin
495 1233 611 1296 mentis
635 1233 792 1298 acumine.
1052 1238 1053 1243 ’

149 1361 208 1425 Pio
232 1363 339 1425 animo
367 1360 533 1446 praeditus
556 1360 697 1448 undique
719 1359 952 1424 circumdatum
976 1383 1009 1424 se
1033 1360 1291 1425 sentitasummi

61 1475 204 1538 numinis
227 1472 409 1537 divinitate:
447 1473 499 1534 cui
521 1473 709 1557 quominus,
734 1472 992 1536 ardentissimum
1016 1473 1116 1535 animi
1137 1473 1292 1559 impetum

63 1595 211 1666 secutm,
242 1593 343 1647 totum
372 1605 406 1646 se
435 1582 557 1666 tradat,
588 1586 703 1648 mentis
726 1586 908 1649 constantia
931 1593 962 1647 et
984 1584 1114 1648 tristitia
1135 1583 1293 1669 prohibet.

66 1697 177 1762 Vincit
207 1718 333 1784 semper
356 1704 469 1759 acutae
491 1699 606 1759 mentis
629 1698 778 1781 pertinax
799 1697 981 1763 constantia
1003 1695 1091 1759 illum
1114 1696 1214 1759 animi
1236 1697 1294 1760 im·

64 1819 186 1897 petum,
213 1810 363 1894 omnique
384 1829 491 1872 rerum
511 1818 647 1873 naturae
668 1817 838 1891 venustate
861 1809 979 1895 rejecta
1001 1805 1166 1894 pulchram
1189 1829 1296 1871 rerum

64 1921 320 1986 vicissitudinem
343 1922 388 1984 ita
421 1919 583 2004 dissolvit,
619 1930 654 1985 ut
687 1942 752 1984 una
785 1929 911 1984 tantum
940 1919 1113 1984 immobilis
1136 1928 1168 1984 et
1188 1919 1295 2003 rigida

65 2031 226 2118 quaedam
274 2032 457 2097 substantia
508 2034 740 2122 conspiciatur,
793 2042 825 2095 et
868 2053 951 2117 quae
995 2032 1081 2095 omui
1125 2042 1295 2097 venustate

64 2153 182 2210 eareat.
199 2143 258 2230 **)

151 2281 266 2368 Itaque
289 2290 414 2346 tantum
438 2281 559 2363 aberat,
582 2291 618 2345 ut
639 2279 860 2368 Xenophanes
884 2283 999 2346 summi
1022 2281 1161 2345 numinis
1185 2282 1293 2366 cogni-

66 2397 156 2461 tione
179 2395 324 2459 animum
345 2395 487 2479 quietum
511 2391 675 2465 redderet,
691 2403 740 2457 -ut
761 2392 849 2458 luctu
871 2395 1033 2480 animique
1055 2392 1295 2479 perturbatione

65 2507 300 2573 absumeretur.
338 2552 340 2557 -

154 2643 200 2708 At
222 2643 433 2730 Xenophanis
457 2643 496 2707 de
519 2643 571 2708 dei
600 2653 632 2708 et
660 2642 773 2707 mundi
802 2653 917 2708 natura
952 2643 1059 2728 opinio
1089 2640 1185 2727 vulgo
1208 2641 1292 2707 Pan·

64 2757 225 2822 theismus
250 2756 372 2822 dicitur.
422 2755 509 2837 Quid
535 2777 654 2821 causae
677 2764 735 2836 est,
758 2777 815 2819 cur
836 2754 924 2820 illum
949 2757 1056 2845 opinio
1081 2777 1139 2819 sua
1163 2757 1293 2820 nonita

65 2871 212 2956 quietum
242 2865 433 2948 reddiderit,
464 2866 734 2954 quemadmodum
758 2866 909 2950 ¹Stoicos,
943 2867 1118 2957 Spinonem
1143 2867 1295 2954 aliosque,

63 2983 122 3067 qui
147 2979 381 3067 pantheismum
405 2979 699 3064 praedicaverunt?
745 2979 845 3044 Stoici
868 2988 908 3043 et'
923 2979 1065 3068 Spinoza
1088 2980 1122 3043 in
1145 2981 1294 3066 opinione

63 3115 127 3158 sua
150 3094 257 3179 quieto
280 3103 312 3156 et
332 3091 424 3157 firmo
450 3094 556 3158 animo
586 3088 887 3180 perseveraverunt,
924 3094 1001 3178 quia
1032 3091 1087 3156 illa
1120 3091 1293 3156 salutarem

60 3207 153 3268 'vitae
176 3194 564 3294 disciplinamcontinuit.
609 3203 843 3292 Ooruparantes
866 3212 972 3268 autern
988 3196 1200 3288 Xenophanis
1214 3226 1294 3290 pau-

64 3299 259 3397 theismumJ
274 3325 432 3401 quatenus
457 3338 529 3381 eum
552 3338 593 3381 ex
615 3317 728 3404 paucis
757 3312 819 3380 illis
848 3337 931 3402 quae
958 3322 1132 3404 supersunt
1153 3315 1295 3402 reliquiis

64 3424 248 3511 intelligere
269 3447 451 3512 possumus,
474 3452 546 3495 cum
570 3427 774 3517 opinionibus
798 3427 870 3509 illis,
892 3447 973 3513 quas
995 3429 1029 3493 in
1042 3426 1157 3494 Stoicis
1180 3437 1211 3492 et
1224 3426 1294 3514 Spi-

75 3598 284 3608 -—--—-...

138 3679 170 3749 a)
203 3677 312 3742 Quibus
332 3679 384 3733 etsi
404 3678 431 3732 in
451 3679 738 3735 universumEleatici
752 3679 914 3752 philosophi
934 3677 1068 3748 descripti
1086 3679 1153 3747 sint,
1172 3684 1200 3732 et
1218 3680 1294 3750 quod

17 3792 24 3798 -
64 3767 102 3821 de
131 3783 264 3820 sensnum
286 3765 411 3819 vanitate
439 3767 544 3820 dictum
571 3772 614 3820 est
632 3767 677 3820 vel
702 3770 823 3822 maxime
842 3769 870 3820 iu
889 3764 1086 3819 Parmeniden
1107 3772 1135 3819 et
1152 3765 1295 3820 Zenonem

65 3855 164 3921 eadat,
193 3860 286 3906 tamen
314 3865 388 3906 certe
407 3868 481 3923 quae
500 3854 534 3906 de
553 3853 693 3906 desiderio
714 3856 901 3925 ainplectondi
930 3853 1050 3906 numinis
1070 3852 1157 3906 divini
1178 3853 1295 3923 legimus

65 3943 105 3996 ed
126 3940 331 4010 Xenophanem
350 3939 501 3994 referenda
519 3947 593 3994 sunt.

370 4027 415 4097 *ἢ
450 4065 521 4078 ...
542 4025 620 4090 ὅππη
638 4028 691 4098 γὰρ
711 4028 780 4093 ἐμὸν
799 4029 869 4079 νόον
889 4027 1030 4095 εἰρύσαιμι

300 4114 347 4169 Εἰς
369 4118 400 4166 ἕν
419 4111 443 4165 d'
468 4113 537 4166 αὐτὸ
557 4109 587 4165 δὲ
606 4120 663 4165 πᾶν
683 4112 823 4180 ἀνελύετο,
840 4120 899 4168 πᾶν
918 4108 943 4162 d’
965 4112 1013 4164 ἐὸν
1031 4111 1087 4162 αἰεὶ

301 4202 398 4266 Πάντη
417 4197 606 4267 ἀνελκόμενον
623 4205 692 4268 μίαν
713 4202 851 4270 sispitem
871 4197 979 4252 i'odud’
1002 4196 1111 4263 ὅμοιον.

523 4286 624 4339 Timon
642 4303 686 4357 ap.
709 4287 783 4342 Sext.
804 4287 884 4356 Emp.
902 4285 1041 4355 Pyrrhou.
1060 4283 1082 4338 Ι.
1101 4284 1143 4339 33.
1164 4285 1223 4339 224.

66 4373 125 4428 Cir.
146 4371 232 4425 Arist.
253 4372 377 4443 Metaph.
399 4372 420 4428 l.
439 4375 464 4426 5.
483 4376 541 4429 986,
553 4373 579 4428 b.
591 4374 639 4429 18:
658 4375 820 4443 Ξενοφάνης
839 4372 868 4424 δὲ
887 4411 977 4426 .....
999 4374 1035 4428 ais
1053 4373 1105 4424 τὸν
1125 4371 1191 4424 ὅλον
1213 4375 1296 4444 οὐρα-

65 4464 118 4515 νὸν
139 4459 303 4530 ἀποβλέψας
322 4463 353 4513 τὸ
376 4464 407 4512 ἓν
426 4460 501 4513 εἶναι’
519 4483 586 4532 φησι
604 4461 652 4514 τὸν
671 4459 752 4515 θεόν.

1070 4563 1090 4625 :l
