2910 4994
446 151 456 182 l

567 240 779 304 --13-

56 374 250 495 trajectione
274 431 360 491 usus,
382 410 471 496 ipsas
492 408 614 491 beluas,
636 413 667 475 si·
685 411 812 477 fabulae
836 410 975 477 scribere
987 416 1192 477 etmarmor'a
1204 409 1285 474 soul-

56 543 139 607 pere
164 529 304 605 possent,
327 520 404 584 deos
428 519 490 585 sibi
510 520 652 585 facturas
675 526 746 587 es'se
770 522 964 604 affirmat*).

147 630 301 696 Facilem
315 641 420 697 autern
443 630 530 695 illam
560 633 718 698 rationem
748 633 824 698 deos
859 633 1021 716 cogitandi
1055 633 1169 700 falsam
1205 655 1285 714 esse,

56 744 191 808 minime
203 745 288 808 enim
300 742 452 816 Graecos,
475 742 606 808 deorum
629 745 786 829 imagines
810 744 852 809 ad
875 767 966 808 suam
989 755 1138 810 naturam
1161 735 1285 811 acconi-

57 855 238 935 modantes,
259 877 369 918 veram
393 854 444 918 dei
458 864 605 920 naturam
623 854 829 942 expressisse.
872 856 948 942 Ipse
960 868 1064 921 autem
1080 879 1144 942 qua
1162 859 1287 921 ratione

58 952 94 1030 in
117 965 314 1050 exquirendo
337 987 460 1031 summo
476 969 606 1032 numine
619 989 697 1032 usus
713 969 754 1032 sit
769 966 1020 1050 considerantes,
1042 967 1076 1032 id
1099 989 1172 1032 eum
1197 989 1286 1053 spec-

58 1086 149 1141 tasse
182 1077 405 1160 intelligimus,
440 1086 474 1141 ut
502 1077 596 1142 deum
624 1102 688 1143 non
711 1087 778 1143 tam
799 1079 950 1162 fingeret,
979 1081 1171 1163 cogitatione
1194 1080 1286 1164 quasi
1370 1103 1376 1127 r

58 1197 250 1268 exstrueret,
280 1199 396 1252 temere
419 1190 587 1276 acciperet,
611 1189 668 1254 sed
690 1188 837 1254 adhibita
858 1192 1103 1257 ratiocinatione
1124 1192 1286 1277 reperiret.
1314 1238 1317 1243 -

27 1324 29 1329 ’
81 1357 84 1361 .
128 1300 255 1385 ‘'Atque
277 1322 375 1391 qnum
396 1299 615 1376 intellexisset,
640 1301 782 1366 Graecos
798 1303 831 1366 in
842 1303 1039 1388 accipiendis
1062 1302 1195 1368 deorum
1218 1303 1285 1390 opi·

58 1409 212 1476 nionibus
233 1433 331 1497 quum
356 1411 521 1476 affectibus
546 1414 612 1476 suis
634 1413 729 1477 nimis
751 1413 969 1498 indulgerent,
998 1415 1031 1477 in
1054 1413 1213 1478 absurdos
1237 1416 1284 1476 er'·
1335 1465 1336 1469 ,

59 1546 150 1588 rores
174 1509 334 1604 incidisse,
365 1523 558 1588 abstrahens
582 1526 724 1588 animum
747 1525 788 1590 ab
813 1524 961 1590 omnibus
984 1524 1161 1606 affectibus,
1184 1522 1286 1588 solam

60 1643 203 1698 mentem
226 1645 355 1699 acutam
379 1645 508 1701 secutus
532 1645 587 1700 est.
641 1636 715 1717 Qua
736 1637 770 1700 in
792 1658 827 1700 re
840 1646 1005 1722 >quantum
1028 1637 1210 1701 constantia
1231 1635 1285 1698 fir-

59 1769 179 1832 maque
200 1746 368 1811 voluntate
390 1757 500 1834 posset
514 1748 668 1812 ostendit
1111 1760 1112 1763 ’

145 1857 286 1944 Rejectis
310 1859 461 1945 deinceps
484 1857 682 1922 Graecorum
705 1856 883 1939 erroribus,
917 1860 1108 1944 negatioque
1137 1863 1285 1929 omnibus

60 1969 167 2049 rebus,
190 1991 270 2054 quas
293 1969 424 2035 deorum
446 1970 593 2055 proprias
615 1967 865 2056 praedicabant,
895 1969 989 2034 deum
1011 1973 1166 2058 repperit,
1195 1977 1286 2060 cujus

59 2081 148 2145 notio
170 2089 238 2144 tam
258 2083 363 2146 tenuis
385 2089 464 2164 erat,
486 2088 522 2143 ut
542 2079 661 2144 nullius
683 2090 771 2145 certo
794 2079 932 2145 hominis
948 2083 1076 2167 pietatis
1092 2082 1285 2150 desiderium

59 2203 169 2279 posset
192 2189 329 2278 explere.

145 2303 240 2368 Pium
278 2311 384 2366 autern
413 2301 514 2366 fuisse
544 2300 778 2387 Xenophanem
808 2305 1014 2370 manifestum
1043 2317 1110 2389 est;
1144 2283 1285 2394 pietals

10 2467 12 2474 .
58 2415 196 2480 alterum
219 2423 275 2497 est,
297 2412 384 2500 quod
406 2415 439 2477 in
460 2414 590 2497 ingenio
614 2423 645 2477 et
670 2413 812 2479 moribus
837 2417 905 2501 ejus
929 2418 1055 2484 eminet.

145 2526 205 2590 Pio
229 2524 387 2590 desiderio
417 2525 459 2590 ad
492 2547 611 2588 numen
642 2511 786 2590 divinum
819 2526 906 2612 quod
938 2527 1026 2592 cultu
1060 2528 1285 2612 dignissimum
1369 2579 1373 2587 -

11 2709 13 2716 ι
57 2646 145 2704 esset
167 2636 398 2722 exquirendum
422 2637 566 2720 accessit,
587 2638 703 2724 impios
726 2637 846 2720 dicens,
869 2640 924 2724 qui
955 2639 1032 2704 deos
1055 2640 1097 2704 ad
1120 2641 1284 2715 hominurn

56 2747 299 2815 similitudinem
322 2748 551 2829 abduxissent,
580 2769 683 2832 neque
704 2749 811 2812 minus
833 2771 983 2834 peccare,
1011 2773 1108 2836 qnam
1130 2756 1184 2840 qui
1207 2754 1284 2820 deos

55 2862 191 2927 omnino
212 2869 368 2944 negarent
381 2860 446 2946 *ἢ
635 2866 638 2867 ’
1286 2867 1288 2872 “

144 2971 198 3036 Ex
218 2979 271 3058 pio
294 2973 401 3036 animo
423 2971 545 3035 dictum
567 2972 634 3057 ejus
656 2969 745 3050 illud,
768 2970 853 3055 quod
868 2979 1063 3037 notaverunt
1079 2974 1178 3043 Clem.
1190 2976 1283 3042 Alex.

54 3083 357 3166 etEusebius***),
380 3081 556 3169 profectum
581 3103 651 3146 esse
669 3081 809 3146 Brendis
822 3081 987 3166 intellexit,
1010 3088 1063 3170 qui
1087 3087 1171 3152 idem
1196 3089 1283 3154 aliud

54 3193 272 3281 Xenophanis
295 3194 430 3259 dictum:

137 3298 211 3361 Αὶεὶ
236 3292 307 3360 δ’ὲν
330 3297 446 3381 ταύτῷ
469 3320 503 3362 τε
524 3301 634 3381 μένειν
657 3288 852 3379 κινούμενον
875 3292 970 3363 οὐδέν

233 3488 259 3555 ²⁸¹)
284 3483 352 3536 'All’
371 3483 442 3536 εἴτοι
457 3490 549 3555 χεῖρας
566 3482 665 3555 γἐἶχον
682 3483 747 3550 βόες
763 3483 796 3549 ἢέ
813 3483 920 3542 λέοντες

268 3571 320 3623 ,Ἢ
335 3571 444 3649 γράψαι
460 3579 599 3638 χείρεσσιν
616 3570 632 3634 ἢ
653 3570 718 3641 ἔργα
735 3569 826 3622 τελεῖν
846 3569 918 3640 ἅπερ
939 3568 1042 3638 ἄνδρες,

281 3657 384 3710 Ἵππον
399 3662 450 3724 μὲν
467 3656 614 3712 θ’ἴπποιοι
633 3657 697 3723 βόες
716 3651 746 3707 de'
761 3677 791 3707 τε
809 3661 907 3723 βουσὶν
925 3657 1024 3728 ὁμοίας

247 3787 250 3791 f
288 3749 346 3798 Kal
362 3765 393 3797 κε
413 3745 492 3796 θεῶν
511 3740 584 3798 ἰδέας
605 3743 728 3815 ἔγραφον
750 3742 919 3810 καὶαώμοιτ*
936 3749 1052 3798 ἐποίουν

293 3830 418 3892 Toraill',
440 3829 557 3898 οἷόνπερ
577 3835 624 3881 καὶ
643 3831 724 3881 αὐτοὶ
740 3825 821 3896 δέμας
840 3828 909 3897 εἶχον
928 3830 1032 3899 ὁμοῖον.

55 3920 143 3974 Clem.
164 3916 244 3970 Alex.
263 3922 291 3970 et
308 3916 411 3970 Euseb.
432 3917 448 3968 l.
468 3917 484 3972 l.
504 3918 555 3970 cfr.
574 3915 699 3969 Mullach
717 3916 751 3970 fr.
773 3915 798 3969 5.

88 4013 91 4019 '
124 4006 166 4072 **)
201 4003 360 4074 Ξενοφάνης
380 4003 473 4071 ἔλεγεν
494 4003 539 4056 ὅτε
558 4003 660 4070 (incitor
678 4001 832 4068 ἀσεβοῦσιν
846 4001 875 4053 οἱ
890 4007 1020 4074 γενέσθαι
1046 4006 1283 4076 φάοκονεεςτοὺς

54 4094 145 4147 θεοὺς
165 4097 224 4144 τοῖς
242 4094 409 4144 ἀποθανεῖν·
428 4089 563 4162 λέγουσιν·
582 4090 744 4160 ἀμφοτέροις
757 4089 810 4160 γὰρ
821 4093 974 4156 συμβαίνει,
995 4092 1114 4160 parisiaci
1132 4113 1201 4145 ποτε
1219 4095 1282 4149 τοὺς

56 4181 151 4236 θεούς.
188 4177 274 4230 Arist.
292 4176 363 4231 rhet.
381 4177 417 4230 ll.
435 4194 463 4246 p.
481 4179 541 4232 446.

163 4272 227 4342 aaa)
271 4271 319 4327 Εἰς
341 4272 409 4327 θεὸς
430 4275 461 4323 ἔν
482 4293 512 4323 τε
531 4251 633 4324 trecies⁸
643 4276 691 4322 καὶ
710 4270 894 4341 ἀνθρώποισι
911 4276 1036 4344 μέγιστος

274 4360 343 4412 Οὔτε
364 4355 446 4424 δέμας
464 4357 729 4425 θνητοῖσινὸμόϊος
749 4358 814 4410 οὔτε
831 4356 927 4421 νόημα.

56 4452 143 4506 Clom.
163 4445 245 4501 Alex.
267 4449 366 4498 Strom.
389 4445 468 4516 V.·p.
488 4447 546 4500 610.
564 4446 593 4499 0.
615 4452 643 4498 et
661 4444 764 4497 Euseb.
783 4459 879 4514 praep.
899 4463 940 4501 ev.
960 4445 1035 4498 lllll.
1054 4465 1080 4516 p.
1098 4447 1157 4501 ote.
1175 4445 1212 4498 D.
