2910 4994
680 249 892 314 -34..

175 414 218 481 lia
233 415 447 505 Xenophanis
470 427 576 484 aetate
596 429 700 501 erant,
723 442 780 507 per
803 444 838 486 ss
860 443 966 486 mores
989 444 1054 487 non
1073 423 1259 510 corrupisse
1279 422 1406 488 videan-

175 536 243 609 tur,
275 530 334 593 etsi
357 530 469 615 negari
492 541 639 617 nequeat,
670 535 830 620 posterius
852 555 891 597 ea
913 532 1077 599 libidinosi
1100 534 1224 620 aliquid
1246 533 1406 616 habaima,

175 650 220 723 et,
251 640 399 706 sensibus
420 640 635 708 titillationem
657 645 791 709 nimiam
813 643 1019 726 adhibentis,
1048 644 1243 730 cupiditates
1267 648 1408 734 corporis

176 753 364 820 concitasse.

262 863 482 952 Xenophanes
505 876 611 930 autern
628 889 753 932 omnem
770 878 870 932 artem
888 860 1073 954 simpliciter
1086 869 1292 955 contempsit,
1314 890 1408 955 quum

175 976 240 1060 jam
264 977 392 1061 omnino
416 999 513 1042 verae
534 977 699 1062 religionis
721 978 897 1066 quidquam
921 981 1028 1044 inesse
1059 981 1138 1043 artis
1169 979 1328 1067 operibus
1356 1001 1410 1044 ue·

175 1088 329 1171 garet*),
365 1110 468 1174 neque
505 1111 616 1155 corum
647 1090 916 1177 contemplatione
944 1113 1051 1156 mores
1080 1093 1113 1155 in
1144 1091 1261 1156 melius
1294 1092 1412 1157 mutari

178 1198 318 1282 videret,
349 1200 505 1285 siquidem
529 1224 602 1265 eum
625 1202 737 1286 lugere
768 1224 833 1267 non
860 1204 981 1289 potuit,
1011 1204 1124 1287 augeri
1150 1202 1282 1289 quidem
1313 1204 1414 1288 signis

174 1310 235 1374 illis
258 1311 514 1396 contemplandis
537 1312 669 1378 deorum
698 1316 940 1396 auctoritatem,
978 1316 1108 1380 minime
1145 1323 1256 1379 autem
1297 1314 1410 1379 eadem

175 1423 301 1487 ratione
323 1425 483 1489 virtutem.

260 1533 476 1600 contemnens
497 1537 595 1619 igitur
611 1535 703 1625 illam
727 1540 891 1622 signorum
914 1538 1216 1624 contemplationem
1243 1562 1314 1626 qua
1338 1562 1410 1606 sen·

176 1670 230 1711 sus
252 1657 378 1711 tantum
400 1658 613 1722 moverentur,
651 1670 715 1712 non
738 1649 942 1715 erudirentur
965 1650 1073 1731 animi,
1107 1649 1273 1732 doctrinis,
1309 1654 1413 1716 conci·

174 1760 318 1847 piendis,
352 1762 477 1825 ratione
498 1768 638 1824 mentem
662 1784 682 1825 a
705 1761 852 1826 sensibus
876 1771 1050 1840 avocante,
1079 1782 1184 1826 mores
1208 1763 1416 1827 conformare

174 1872 303 1939 voluit,
329 1871 393 1937 Sed
415 1871 580 1936 doctrinae
604 1871 678 1936 illae
698 1895 813 1958 parum
837 1872 985 1937 efficaces
1008 1873 1155 1952 fuerunt,
1185 1894 1305 1958 parum
1331 1876 1415 1939 enim

175 1985 304 2049 omnino
338 1982 474 2048 docendi
507 1983 585 2047 illud
621 2004 723 2067 genus
761 1984 862 2069 (quod
892 1983 1087 2048 didacticum
1132 1983 1288 2072 dicimus)
1326 1984 1412 2072 apud

174 2095 317 2160 Graecos
338 2094 457 2177 valuit,
484 2117 582 2181 quum
605 2094 638 2158 id
661 2104 746 2159 esset
768 2116 879 2160 eorum
901 2097 1085 2180 ingenium,
1119 2105 1155 2159 ut
1177 2095 1281 2161 libere
1304 2108 1337 2161 et
1361 2119 1409 2161 so·

174 2207 248 2288 lute,
278 2229 361 2294 quae
383 2207 499 2270 animis
521 2207 620 2271 insita
640 2216 754 2286 essent,
784 2206 966 2272 excolerent
988 2219 1084 2293 atque
1107 2218 1332 2293 sequerentur,
1355 2231 1410 2296 ps-

174 2342 246 2384 rum
268 2322 364 2384 etiam
386 2318 494 2404 poesis
516 2317 678 2382 didactica
694 2321 787 2409 *apud
814 2341 868 2384 eos
891 2320 1004 2403 viguit
1038 2319 1147 2384 Finito
1171 2318 1304 2382 demum
1329 2318 1411 2385 bello

174 2430 458 2517 Peloponnesiaco,
479 2451 586 2514 quum,
609 2428 796 2514 defatigatis
820 2431 946 2506 animis,
969 2433 1104 2495 virtutes
1127 2430 1265 2495 deficere
1288 2432 1409 2516 coepis-
1451 2512 1453 2517 Ι

175 2552 255 2625 sent,
279 2543 456 2631 sapientiae
477 2563 666 2627 morumque
682 2552 854 2628 praecepta
877 2551 973 2626 atque
997 2541 1164 2607 doctrinae
1179 2541 1312 2606 auditae
1329 2551 1409 2606 sunt

259 2654 447 2739 Praeceptis
469 2653 566 2736 igitur
578 2652 798 2740 Xenophanes
820 2653 900 2717 nihil
923 2653 1050 2717 efficere
1072 2654 1177 2739 potuit
1199 2652 1291 2737 apud
1306 2651 1408 2718 Grae·

174 2788 239 2846 cos,
260 2764 359 2829 multo
382 2766 486 2829 minus
510 2764 596 2850 apud
620 2763 848 2851 Colophonios.
893 2766 959 2848 Qui
980 2786 1080 2850 quum
1103 2764 1222 2827 artium
1240 2763 1407 2850 operibus,

175 2878 215 2942 ad
233 2877 349 2941 aetatis
362 2875 446 2940 illins
461 2878 625 2960 ingenium
641 2877 904 2956 accommodatis,
918 2877 1040 2941 frustra
1053 2875 1096 2940 ad
1109 2876 1261 2939 virtutem
1277 2885 1311 2938 et
1326 2885 1408 2940 tem·

173 2990 354 3077 percutiam
375 2989 482 3053 vocati
502 2998 619 3069 essent,
641 2986 802 3074 quomodo
825 2996 1030 3051 moverentur
1050 2986 1242 3072 praeceptis,
1266 3007 1406 3072 quorum

177 3102 318 3185 cognitio
342 3100 449 3164 animo
473 3120 582 3163 eorum
605 3099 699 3164 altior
721 3101 807 3162 erat!
1010 3168 1013 3175 ,

261 3210 357 3276 Tales
378 3211 524 3275 civitates
547 3210 589 3275 ab
612 3211 742 3274 interitu
764 3211 930 3274 vindicare
952 3230 1045 3274 nemo
1069 3210 1188 3294 potuit:
1218 3207 1415 3274 excolendis

177 3326 274 3407 vitiis,
296 3324 405 3389 animo
426 3323 538 3401 insitis,
561 3323 594 3384 in
616 3322 790 3406 perniciem
804 3331 946 3387 ruerunt.
979 3318 1216 3405 Xenophanem
1228 3330 1344 3385 autem
1355 3343 1414 3408 per

178 3437 350 3521 sexaginta
373 3443 495 3519 septem
519 3454 622 3497 annos
645 3454 723 3497 cura
745 3441 777 3496 et
800 3432 1014 3499 sollicitudine
1035 3433 1218 3497 affecerunt.

264 3547 329 3612 Sed
351 3568 390 3610 ne
415 3544 457 3610 ab
480 3546 519 3609 iis
541 3544 679 3630 quidem,
701 3544 758 3630 qui
780 3545 822 3609 ad
845 3545 945 3610 animi
965 3546 1100 3610 virtutes
1116 3545 1328 3624 eniterentur,
1347 3544 1412 3609 Xe-

175 3660 336 3748 nophanis
358 3654 530 3743 disciplina
551 3655 646 3720 facile
668 3657 769 3743 recipi
792 3656 911 3736 potuit,
939 3655 1116 3740 intelligere
1138 3655 1224 3718 enim
1246 3675 1415 3721 summum

175 3772 254 3840 illud
276 3771 406 3849 bonum,
427 3766 514 3853 quod
529 3770 641 3832 statuit
656 3767 885 3854 Xenophanes,
909 3789 974 3832 non
996 3768 1109 3853 potuit,
1131 3766 1192 3829 nisi
1216 3767 1273 3850 qui
1296 3766 1413 3832 eadem

176 3907 241 3972 qua
254 3882 307 3948 ille
322 3879 452 3945 tristitia
468 3887 500 3943 et
515 3881 686 3944 severitate
699 3902 762 3961 res,
778 3901 862 3965 quae
875 3881 909 3944 in
924 3877 1129 3966 philosophia
1137 3887 1323 3960 versantur,
1340 3900 1414 3966 per·

175 4004 336 4062 scrutatus
358 3992 478 4057 fuisset
523 3990 607 4056 Tum
630 4000 737 4055 autem
752 3992 823 4076 quis
849 3990 1007 4077 ejusmodi
1029 3989 1126 4054 rebus
1153 4011 1287 4074 operam
1304 3989 1416 4071 daret,

175 4131 238 4196 quo
260 4119 405 4192 tempore
426 4103 478 4168 vel
511 4105 650 4191 optimus
684 4102 819 4188 quisque
853 4104 901 4167 ita
921 4103 1009 4167 vitae
1032 4105 1202 4166 venustate
1224 4100 1415 4183 tenebatur,

178 4296 386 4307 W-..-

246 4365 272 4427 ‘t
307 4362 393 4417 Olem.
418 4359 496 4416 Alex.
515 4359 613 4414 Strom.
636 4357 668 4411 V.
688 4375 716 4428 p.
730 4358 791 4412 ool.
815 4355 843 4411 C.
871 4362 899 4410 ct
916 4355 1020 4410 Euseb.
1045 4370 1138 4423 praep.
1154 4369 1200 4407 ,ev-
1222 4352 1299 4410 XIII.
1320 4357 1364 4411 13.
1384 4372 1412 4424 p

177 4452 236 4506 678.
255 4449 291 4504 D.
321 4447 376 4502 Otr.
395 4464 462 4519 pag.
482 4449 522 4501 12.
