2910 4994
201 1383 426 1518 Xenophanes
449 1424 635 1519 Colophone
658 1428 822 1514 oriundus,
843 1428 967 1498 colonia
989 1424 1031 1496 ah
1053 1419 1186 1500 Ionibus
1206 1431 1241 1496 in
1259 1424 1342 1497 Asia

112 1543 237 1607 minore
260 1542 443 1624 constituta,
468 1564 530 1629 quo
554 1564 640 1606 anno
662 1550 758 1606 natus
781 1540 823 1606 sit
845 1541 887 1606 ab
911 1536 1051 1628 antiquis
1074 1540 1210 1607 testibus
1235 1539 1339 1608 ambi·

112 1653 209 1738 gitur.
251 1650 393 1719 Karsten
405 1652 437 1739 Ι*)
460 1652 605 1717 excussis
629 1650 778 1718 omnibus
807 1661 952 1718 veterum
984 1640 1175 1718 testimoniis
1203 1659 1235 1716 et
1257 1653 1340 1717 inter
1415 1731 1419 1735 .

113 1787 149 1829 se
170 1765 365 1852 comparatis
388 1763 429 1828 de
452 1743 673 1849 Xenophanis‘
686 1771 793 1829 aetate
814 1764 861 1828 ita
881 1763 1054 1850 judicavit:
1089 1752 1189 1845 „Flos
1213 1758 1282 1848 ejus
1304 1763 1339 1828 in

89 1874 162 1942 ,Ol
186 1876 228 1941 60
248 1867 371 1957 incidit,
394 1882 429 1938 ut
451 1883 575 1940 veteres
596 1884 774 1956 testantur3
798 1885 830 1940 et
851 1885 1007 1961 quantum
1030 1897 1071 1939 ex
1087 1890 1194 1939 rerum
1216 1871 1338 1961 tempo·

112 2009 248 2073 rumque
270 1986 486 2052 monumentis
508 1985 616 2069 colligi
639 1995 745 2071 potest
766 1975 935 2071 probabile
959 1996 1023 2067 est,
1059 2007 1132 2049 eum
1168 2006 1235 2050 non
1264 1990 1340 2050 ante
1421 1995 1426 2000 ’

111 2096 161 2164 Ol.
175 2096 217 2163 70
232 2094 417 2178 decessisse,
439 2119 516 2181 ergo
540 2119 600 2163 neo
622 2105 696 2161 ante
718 2096 820 2164 4501.
844 2102 956 2162 natum
979 2119 1058 2178 esse,
1081 2118 1154 2162 oum
1177 2097 1246 2161 vita
1270 2099 1339 2180 ejus

110 2218 240 2272 centum
269 2208 352 2274 ferre
380 2204 473 2273 annis
502 2207 662 2295 completa
690 2195 802 2273 fuerit:
834 2209 943 2294 itaque
971 2209 1089 2273 vixerit
1118 2198 1185 2273 fore
1207 2229 1236 2272 a.
1260 2195 1338 2272 (ihi.

110 2320 177 2384 600
185 2319 327 2386 -·500.“
363 2318 408 2383 Et
424 2316 621 2406 Mullaoh**)
636 2319 670 2382 in
684 2320 884 2407 praefatione
896 2319 939 2386 ad
957 2310 1169 2404 Xenophanis
1185 2307 1338 2405 reliquias

110 2432 288 2519 separatim
310 2431 474 2511 instituta,
507 2428 690 2518 philosophi
713 2426 797 2496 illius
821 2440 960 2497 oetatem
983 2426 1138 2495 definiens
1160 2416 1338 2518 Apollodo-

108 2566 183 2606 rum
207 2542 358 2629 sequitur,
391 2542 446 2627 qui
468 2563 541 2606 eum
565 2536 681 2606 01.·40
702 2552 814 2608 natum
837 2540 944 2609 tradit.
987 2539 1102 2628 Itaque
1135 2534 1248 2606 eadem
1271 2541 1339 2606 fere

80 2641 82 2644 Α
110 2652 271 2719 sententia
294 2653 524 2739 consistitque
547 2648 699 2717 Karsten.
745 2653 963 2718 Confirmatur
983 2648 1039 2717 illa
1061 2644 1221 2717 sententia
1247 2646 1343 2718 Sexti-

108 2764 269 2850 Empirioi
296 2764 476 2830 testimonio
507 2763 594 2848 (adv.
621 2758 723 2829 Math.
754 2763 779 2831 Ι.
804 2763 839 2832 C.
865 2765 913 2830 12.
937 2765 1000 2830 257
1024 2763 1071 2829 ed.
1094 2754 1224 2833 Fabrio.
1246 2765 1337 2851 Lips.

112 2875 221 2962 1718),
244 2897 315 2941 oum
339 2898 402 2962 quo
425 2875 585 2940 consentit
605 2873 768 2940 Eusebius
791 2876 845 2961 qui
867 2874 962 2963 (Can.
983 2875 1093 2941 chron.
1116 2874 1159 2940 ad
1182 2866 1229 2942 Ol.
1246 2877 1288 2942 56
1310 2899 1338 2943 a.

107 2989 145 3073 4)
158 2987 298 3053 notavit:
322 2979 514 3075 Ξενοφάνης
530 2980 548 3051 ὁ
564 2979 782 3074 Κολοφώνιος
799 2987 997 3072 ἑγνωρίζετο,
1013 2995 1044 3050 et
1058 2987 1223 3072 Diogenes
1238 2985 1338 3052 Laere

109 3101 186 3181 tius,
217 3100 272 3185 qui
305 3099 500 3162 enumeratis
523 3095 736 3184 Xenophariis
766 3095 917 3184 operibus
952 3098 1092 3166 addidit:
1138 3100 1194 3162 καὶ
1216 3090 1339 3182 ἤκμαζε

109 3204 202 3275 κατὰ
224 3209 286 3289 τὴν
309 3204 488 3288 ἑξηκοστὴν
510 3205 704 3293 ὀλυμπιάδα
727 3208 800 3290 (ΙΧ.
827 3209 888 3296 19).

199 3321 326 3401 Quibus
349 3320 538 3385 testimoniis
561 3316 657 3384 fidem
674 3319 794 3388 hahent
810 3321 1021 3386 Tennemann
1043 3319 1170 3407 (Gesch.
1187 3320 1244 3385 der
1258 3317 1335 3383 Phi-

110 3431 258 3519 losophie
280 3455 310 3518 p.
334 3423 399 3516 71),
421 3429 578 3495 Reinhold
600 3428 639 3520 (ξ
663 3432 729 3519 62),
752 3432 858 3498 Zeller
880 3433 1006 3519 aliique.

199 3543 251 3608 De
273 3539 451 3608 eruditione
472 3541 685 3628 Xenophanis
707 3555 832 3609 veteres
853 3560 959 3630 peuoa
981 3553 1106 3607 tantum
1129 3549 1338 3607 notaverunt:

89 3654 200 3738 eolus
213 3655 376 3740 Diogenes
393 3653 544 3719 Laertius
557 3650 628 3730 ***)
652 3655 871 3741 quaestionem
895 3664 1019 3734 movet,
1052 3664 1159 3718 utrum
1182 3652 1338 3737 magistro

111 3767 220 3852 aliquo
243 3769 275 3832 in
298 3765 503 3853 philosophia
523 3787 602 3829 usus
625 3766 675 3845 sit,
700 3787 741 3830 an
764 3789 845 3848 non,
863 3765 919 3830 sed
941 3767 1100 3849 integram
1116 3765 1275 3850 relinquit.
1304 3763 1339 3828 Si

112 3879 270 3942 Botonem
294 3898 366 3943 eum
393 3877 533 3942 audiisse
554 3878 714 3964 ponimus,
736 3879 892 3943 incertum
923 3884 1049 3957 manet,
1071 3897 1152 3962 ques
1176 3876 1338 3941 doctrines

200 4050 225 4117 ⁴⁵)
243 4049 346 4104 Philus.
366 4065 459 4121 graec.
478 4056 532 4104 vet.
551 4067 596 4120 op.
612 4049 661 4104 rel.
698 4048 762 4104 Vol.
784 4047 805 4101 1.
826 4048 857 4101 P.
878 4048 900 4102 1.
920 4064 986 4119 pag.
1004 4048 1047 4102 10.

182 4136 222 4203 **)
239 4135 329 4190 rried.
348 4134 424 4189 Guil.
444 4133 519 4206 Aug.
538 4135 672 4204 Mullach,
691 4135 801 4206 Fragm.
819 4135 920 4204 philos.
939 4150 1034 4206 graec.
1072 4130 1185 4186 Parisiis
1204 4128 1281 4184 1860.
1401 4144 1403 4149 ’

168 4223 224 4287 m)
241 4223 394 4283 Διήκοοοεν
413 4218 443 4274 δὲ
461 4220 519 4274 κατ’
539 4226 628 4278 ἐνίους
645 4225 698 4290 μὲν
717 4219 836 4279 οὐδενὸς,
860 4219 918 4274 κατ’
940 4224 1027 4275 telove
1045 4217 1075 4270 δὲ
1098 4219 1229 4271 Βότωνος
1242 4215 1339 4278 Ἀθη-

109 4313 194 4362 ναίου
213 4308 227 4372 ἢ
248 4307 296 4379 (oie
313 4308 399 4377 aevae)
412 4305 564 4379 Ἀρχελάου
582 4315 629 4362 καὶ
650 4308 684 4365 ὥς
702 4311 825 4360 Σωτίων
843 4312 919 4378 φησὶ,
940 4304 997 4357 κοτ’
1014 4300 1237 4367 Ἀναξίμιοινδρον
1254 4295 1298 4366 ἦν.

942 4390 1026 4461 Diog.
1044 4389 1135 4443 baert.
1154 4387 1205 4442 lX.
1230 4389 1270 4441 19.
