2910 4994
623 266 836 331 ,ζῇ-

200 443 308 525 Quam
332 442 517 507 doctrinam·
535 439 634 506 animi
656 438 707 504 sui
730 430 924 503 desidorium
944 440 1128 526 implevisse
1145 443 1290 529 Spinoza
1310 451 1341 505 et

111 555 184 642 ipse
207 555 374 620 confessus
388 554 421 643 ²⁸)
445 563 504 635 est,
528 561 559 617 et
581 551 650 626 vita
673 570 732 614 sua
753 549 984 638 comprobavit..

202 694 311 776 Quum
335 717 461 781 semper
482 689 599 757 in'deo
621 686 744 754 versari
768 710 801 753 se
824 684 1043 773 arbitraretur,
1071 680 1116 757 ita
1146 716 1244 780 supra
1274 715 1338 757 om·

112 829 171 872 nes
193 808 281 871 vitae
305 805 466 872 humanae
486 804 615 869 labores
639 800 758 866 elatum
782 803 953 883 assensit,
983 798 1018 867 ut
1045 829 1104 870 nec
1127 805 1257 870 miseria
1287 829 1339 871 ne-

114 941 175 1007 que
199 920 376 1004 ignominia
399 918 547 983 intimum
570 912 648 980 illud
670 908 842 996 vinculum,
878 937 940 1000 quo
964 938 1036 979 cum
1061 917 1189 981 sublimi
1212 898 1342 983 numine

112 1030 223 1096 divino
247 1032 435 1119 conjunctus
459 1039 551 1110 esset,
572 1034 683 1117 posset
706 1025 836 1092 solvere.

61 1244 63 1249 Ι
197 1146 264 1233 Εἰ
280 1148 462 1254 cognitione
492 1167 544 1232 dei
573 1176 727 1257 tanquam
755 1189 797 1231 ex
826 1165 914 1231 fonte
946 1169 1081 1257 perenni
1114 1191 1257 1236 amorem
1290 1169 1342 1239 dai

115 1264 366 1369 promanantem
384 1279 551 1363 sentiebat,
566 1279 630 1367 qui,
651 1279 769 1344 infiniti
792 1279 910 1344 amoris
927 1279 978 1345 dei
993 1303 1072 1367 erga
1088 1305 1122 1347 se
1136 1283 1242 1370 ipsum
1257 1305 1344 1371 pars,

113 1417 173 1481 per
199 1417 233 1458 se
257 1415 415 1458 summam
439 1392 669 1470 beatitudinem
691 1390 886 1479 praebebat:
907 1392 973 1478 jam
995 1393 1029 1457 in
1052 1403 1138 1460 terra
1159 1395 1293 1480 beatum
1307 1419 1341 1465 se

113 1506 315 1589 existimans,
340 1515 470 1594 propter
492 1505 579 1569 illam
595 1504 826 1591 beatitudinem
841 1502 992 1570 libidines
1011 1505 1188 1591 coercebat,
1210 1531 1276 1575 non
1293 1509 1338 1575 fu·

110 1631 206 1686 turae
229 1618 439 1684 beatitudinis
462 1640 571 1683 causa.
681 1596 684 1601 ⁶

202 1758 308 1843 Atque
331 1755 520 1841 utSpinoaa
541 1765 643 1820 totam
666 1752 889 1841 philosophiae
912 1778 989 1821 suae
1012 1755 1213 1845 disciplinam
1237 1770 1269 1825 et
1290 1782 1341 1825 ra·

108 1873 234 1936 tionem
258 1869 441 1951 „ethicam‘f
458 1867 549 1949 dixit,
570 1868 617 1930 ita
638 1862 860 1955 philosophias
877 1869 944 1955 ejus
960 1878 1085 1956 partem
1100 1871 1254 1937 moralem
1270 1895 1342 1939 oum

107 1981 245 2068 reliquis
269 1981 405 2047 decretis
429 1979 589 2044 artissime
612 1977 783 2043 cohaerere
806 1990 941 2067 apparet
956 1981 1023 2063 **).
1103 2024 1109 2035 ·

200 2122 252 2187 Ita
271 2120 432 2206 Spinozae
462 2116 683 2205 pantheismus
707 2116 787 2183 bene
811 2117 967 2206 beateque
982 2121 1113 2186 vivendi
1136 2121 1341 2210 disciplinam

108 2236 265 2316 continet,
288 2234 321 2295 in
345 2253 408 2317 qua
431 2229 568 2294 bominis
591 2229 717 2294 animus
739 2231 841 2316 possit
863 2233 1073 2319 acquiescere.

206 2370 271 2436 Sed
292 2370 347 2435 illa
368 2369 439 2457 ipsa
463 2368 579 2461 opinio,
600 2367 739 2439 hominis
761 2370 904 2435 animum
924 2394 995 2449 cum
1012 2373 1072 2439 deo
1088 2373 1120 2438 in
1136 2394 1235 2439 unum
1250 2377 1342 2461 quasi

109 2486 211 2564 coire,
242 2481 390 2569 quamvis
413 2481 556 2544 animum
579 2480 708 2546 omnino
732 2482 876 2566 quietum
897 2482 1031 2549 reddere
1054 2484 1211 2568 videatur,
1233 2495 1341 2554 tamen

109 2595 335 2663 infirmissima
358 2604 406 2658 est
432 2593 466 2657 in
491 2616 547 2673 eo,
576 2594 662 2679 quod
691 2592 828 2658 liberum
855 2593 994 2660 bominis
1018 2596 1186 2661 arbitrium
1208 2620 1339 2685 prorsus

109 2708 238 2777 evertit.
283 2707 318 2773 Si
341 2705 484 2794 Spinoza
506 2704 670 2769 contendit
690 2715 830 2770 mentem
859 2707 901 2772 ad
929 2707 1091 2792 agendum
1124 2731 1189 2774 non
1217 2712 1340 2775 moveri

108 2821 176 2888 nisi
198 2819 323 2885 infinita
345 2839 516 2883 causarum
533 2818 624 2899 serie,
646 2816 782 2883 liberum
795 2817 964 2884 arbitrium
973 2841 1106 2906 prorsus
1118 2821 1252 2888 sustulit.
1262 2821 1338 2904 ***)

200 2958 264 3024 Sed
287 2957 430 3045 Spinoza
451 2956 641 3041 religionem
662 2978 755 3022 suam
778 2956 952 3022 salutarem
973 2958 1191 3044 praedicavit,
1227 2970 1336 3047 quate·

111 3094 175 3138 nus
199 3072 267 3158 ejus
290 3070 416 3135 animus
438 3069 567 3157 pietatis
590 3068 785 3134 desiderium
806 3079 917 3154 posset
939 3069 1076 3158 explere.

199 3210 310 3292 Quare
333 3209 360 3273 si
382 3206 600 3293 Xenophanes
623 3208 737 3273 eodem
760 3208 918 3276 desiderio
949 3211 1096 3291 affectus,
1125 3211 1159 3273 in
1190 3212 1339 3299 opinione

112 3345 174 3388 sua
196 3321 236 3386 de
258 3320 355 3386 rebus
378 3320 496 3386 divinis
519 3321 722 3407 acquiescere
744 3343 809 3386 non
831 3323 943 3410 potuit,
978 3323 1140 3387 diversum
1163 3325 1231 3404 eius
1260 3349 1339 3413 pan·

111 3435 287 3500 theismum
302 3457 322 3497 a
339 3434 499 3520 Spinoaae
523 3433 724 3521 pantheismo
746 3433 847 3499 fuisse
863 3434 1086 3502 arbitrandum
1101 3446 1158 3501 est.
1202 3434 1340 3504 Interest

182 3676 214 3748 a)
250 3675 332 3730 Haec
349 3642 417 3746 ergo
435 3671 565 3739 doctrina
583 3673 876 3742 praeterquamquod
895 3674 1017 3727 animam
1036 3671 1112 3727 omni
1123 3673 1337 3744 modoquietam

111 3764 264 3821 reddit...
1038 3757 1102 3813 Eth-
1122 3757 1156 3813 V.
1174 3776 1202 3828 p.
1219 3762 1264 3816 91.

182 3879 232 3946 aa)
270 3873 415 3946 Quidquid
442 3874 570 3942 cupimus
597 3878 625 3926 et
651 3871 760 3943 agimus
788 3873 925 3945 cujusque
953 3888 1174 3941 annectamus,
1199 3879 1338 3944 quatenus

112 3967 159 4021 dei
179 3966 271 4019 ideam
291 3961 426 4016 babemus
445 3963 503 4014 sive
522 3968 661 4031 quatenus
681 3962 763 4013 deum
784 3960 977 4028 cognoscimus
998 3958 1033 4011 ad
1055 3959 1220 4032 religionem
1238 3961 1337 4016 refero.

826 4047 887 4103 ute.
906 4047 956 4101 iv.
978 4047 1072 4102 senor.
1091 4046 1112 4100 1.
1127 4062 1206 4115 prop.
1226 4047 1268 4101 ar.

184 4146 246 4214 ***)
284 4144 424 4199 Voluntas
443 4159 499 4194 non
520 4148 613 4210 potest
630 4143 725 4197 vocari
743 4143 946 4212 causalibus,
969 4144 1019 4197 sed
1038 4150 1149 4196 tantum
1167 4143 1336 4198 necessaria.

1041 4229 1107 4284 Etb.
1125 4228 1160 4283 11.
1178 4248 1204 4299 p.
1226 4230 1267 4284 28.

181 4318 216 4373 In
234 4322 326 4371 mente
345 4316 424 4371 nulla
441 4322 485 4370 est
504 4316 593 4370 libera
612 4318 750 4386 voluntas,
778 4318 826 4371 sed
855 4335 931 4372 mens
958 4316 994 4371 ad
1018 4316 1072 4370 boc
1090 4315 1135 4370 vel
1153 4315 1224 4370 illud
1243 4317 1337 4369 rolen-

110 4411 179 4464 dum
201 4404 403 4459 determinatur
421 4420 439 4457 a
460 4419 554 4472 causa,
583 4421 656 4475 quae
679 4405 766 4459 etiam
784 4405 822 4458 ab
841 4405 898 4459 alia
917 4403 1105 4457 determinata
1132 4407 1182 4464 est,
1213 4407 1241 4455 et
1265 4401 1336 4456 haec

108 4500 214 4552 iterum
233 4491 270 4549 ab
288 4492 354 4560 alia,
372 4499 401 4546 et
419 4491 459 4545 sic
480 4491 510 4546 in
529 4491 677 4546 infinitum.
1040 4489 1108 4545 Eth.
1124 4488 1159 4541 11.
1178 4506 1204 4557 p.
1224 4489 1267 4544 85.
