2910 4994
573 272 790 336 -33-

10 442 22 509 ἒ
53 445 170 529 gravis
190 446 359 529 acrisque,
395 446 441 507 ita
471 454 507 506 ut
537 444 662 506 animos
686 441 728 505 ad
751 439 1000 528 pulcherrimum
1025 442 1175 529 quodque
1200 464 1297 529 appe·

21 555 195 641 rtendum
219 557 373 639 erigeret:
407 553 449 618 ad
480 574 576 639 quarn
605 563 730 640 partem
760 575 818 638 pro
847 577 907 618 sua
929 557 1065 640 quisque
1099 554 1205 620 indole
1228 565 1299 622 erat

10 714 28 755 .··
57 687 253 752 propensus.
297 667 336 729 ln
360 666 645 746 Lacedaemoniis,
672 686 808 750 quorum
838 668 872 729 in
902 667 1021 730 animis
1049 667 1297 751 pulchritudinis

59 786 92 841 et
129 776 307 841 honestatis
338 778 457 842 eximia
480 777 639 862 quaedam
665 778 787 864 species
810 774 987 849 insidebat,
1019 777 1131 862 religio
1165 779 1218 842 illa
1242 777 1298 842 diu

61 889 183 954 bonam
214 890 338 972 frugem
368 889 460 952 tulit:
500 887 691 975 Colophonii
730 890 883 976 propensi
910 898 1006 952 erant
1034 888 1077 952 ad
1106 888 1297 975 voluptates.

66 1000 178 1082 Quum
203 1002 288 1064 enim
311 1010 447 1064 naturae
469 1001 562 1065 donis
586 991 819 1080 abundarent,
835 997 969 1062 multum
994 999 1079 1064 domi
1102 1000 1298 1090 militiaeque

60 1113 103 1176 iis·
126 1111 358 1176 elaborandum
383 1135 448 1177 non
470 1122 571 1193 esset,
602 1121 719 1176 natura
749 1133 857 1174 rerum
886 1112 1096 1191 factumest,
1128 1121 1163 1176 ut
1198 1113 1297 1175 animi

60 1222 309 1307 languescerent
331 1235 428 1310 atque
449 1224 599 1289 libidines
622 1225 868 1288 concitarentur.

147 1335 192 1398 Et
215 1356 254 1398 ea
276 1335 405 1420 quidem
428 1335 630 1420 indulgentia
652 1343 722 1399 erat
736 1334 934 1401 Graecorum
958 1332 1081 1417 religio,
1103 1345 1139 1397 ut
1154 1334 1214 1398 sub
1226 1337 1296 1419 ejus

62 1447 171 1534 specie
194 1448 297 1510 omnis
320 1446 420 1512 libido
445 1451 524 1512 eatis
547 1446 610 1511 late
632 1448 748 1530 vagari
771 1455 887 1533 posset,
926 1456 958 1509 et
980 1448 1013 1508 in
1036 1467 1075 1508 ea
1097 1468 1131 1509 re
1154 1446 1205 1511 vel
1228 1466 1294 1509 ma·

30 1592 34 1599 ·
62 1560 151 1622 xime
174 1559 243 1644 ejus
265 1558 436 1623 infirmitas
458 1557 664 1642 intelligitur,
694 1557 781 1642 quod
811 1557 906 1646 hopno
930 1558 1021 1621 salva
1042 1558 1162 1642 pietate
1183 1555 1294 1643 volup-

47 1670 188 1767 ¹tatibus
212 1672 354 1754 corporis
379 1671 506 1734 deditus
527 1670 633 1749 fuerit,
661 1690 764 1754 neque
793 1693 813 1733 a
836 1692 869 1732 se
892 1671 962 1755 ipso
986 1668 1142 1732 dissidere
1165 1691 1199 1732 se
1224 1690 1294 1732 sen-

61 1785 149 1847 serit.
187 1781 262 1845 Huc
285 1781 421 1856 accedit,
444 1783 529 1867 quod
552 1781 607 1845 illa
629 1780 742 1864 religio
767 1802 841 1845 vero
864 1781 975 1864 vigore
999 1801 1112 1844 carens
1127 1791 1295 1866 corruptos

63 1893 164 1956 semel
186 1914 291 1957 mores
315 1915 380 1957 non
403 1892 576 1956 emendare
598 1914 702 1977 neque
724 1892 869 1956 homines
899 1892 941 1955 ad
963 1894 1114 1956 virtutem
1143 1912 1296 1955 revocare

22 2084 25 2089 Ι
58 2006 217 2092 potuerit.
262 2005 372 2086 Quare
395 2003 615 2091 Xenophanes
637 2003 692 2067 illa
714 2006 842 2067 virtutis
867 2003 1093 2083 l'undamenta,
1122 2003 1295 2088 inquibus

18 2094 21 2099 ⁵
59 2116 214 2180 salutaris
237 2138 361 2180 morum
385 2116 555 2202 disciplina
578 2116 700 2179 exstrui
723 2137 787 2178 non
817 2126 926 2203 posset
955 2114 1088 2180 refutari
1115 2113 1232 2195 voluit,
1263 2124 1296 2178 et

56 2229 106 2292 ita
130 2227 266 2311 agnosci
288 2225 422 2290 humani
444 2229 544 2291 animi
566 2226 766 2310 dignitatem,
787 2241 824 2291 ut
847 2228 1046 2311 singulorum
1069 2225 1233 2289 hominum
1255 2226 1293 2291 li·

58 2339 142 2404 bera
165 2338 347 2418 voluntate,
380 2360 462 2424 quae
485 2340 585 2403 animi
608 2338 696 2404 cultu
717 2348 897 2423 temperata
919 2348 1018 2417 esset,
1041 2339 1144 2402 omnis
1167 2338 1295 2402 virtutis
1363 2365 1367 2369 ·

58 2450 203 2515 studium
225 2450 452 2515 contineretur.

148 2561 320 2644 Cornigere
340 2563 439 2646 igitur
461 2562 563 2627 voluit
577 2562 798 2650 Xenophanes
821 2562 1003 2646 aequalium
1026 2583 1156 2643 suorum
1168 2583 1294 2640 mores,

58 2673 118 2738 sed
142 2694 208 2758 qua
227 2673 378 2737 ratione?
400 2673 572 2753 doctrinis,
596 2675 623 2737 si
646 2689 753 2739 autern
769 2674 886 2740 Graeci
909 2681 1072 2736 eaaetete
1085 2670 1137 2735 vel
1151 2673 1292 2758 maxime

56 2787 140 2851 artis
175 2785 327 2869 operibus
350 2784 394 2848 ad
414 2786 551 2849 virtutis
568 2784 708 2850 studium
732 2787 855 2850 incitati
878 2794 970 2865 sunt,
1001 2785 1098 2848 etiam
1120 2785 1153 2847 in
1176 2782 1237 2847 hac
1258 2805 1294 2847 re

58 2896 305 2982 Xenophanem·
318 2898 435 2978 aetatis
458 2918 536 2961 suae
558 2899 689 2981 ingenio
712 2900 893 2985 oppositum
910 2897 1009 2961 luisse
1024 2894 1292 2961 contenderimus.

148 3006 286 3071 Multum
302 3009 344 3072 ad
360 3009 609 3072 conformandos
637 3031 742 3072 mores
765 3010 965 3094 pictm·ae-et
987 3005 1170 3092 sculpturae
1193 3027 1291 3090 opera

57 3118 285 3200 contulerunt3
310 3121 364 3183 illa
388 3121 472 3182 enim
497 3117 627 3182 deorum
651 3121 877 3184 immortalium
901 3119 1079 3183 simulacra.
1096 3139 1161 3181 non
1177 3139 1291 3183 sensus

55 3229 172 3310 solum,
197 3231 255 3294 sed
274 3234 398 3296 animos
422 3229 594 3295 movebant
615 3241 646 3294 et
661 3231 917 3296 hominemadeo
940 3230 1140 3302 erudiebant,
1162 3238 1198 3294 ut
1220 3251 1289 3292 sen-

53 3343 133 3407 tiret
155 3342 208 3406 dei
230 3344 392 3407 notionem
415 3341 521 3407 animo
545 3343 676 3406 insitam
699 3353 732 3408 et
754 3344 929 3408 eniteretur
966 3342 1008 3405 ad
1042 3363 1112 3407 eam
1144 3341 1289 3408 omnium

56 3457 142 3519 inter
165 3476 200 3517 se
220 3454 320 3517 animi
341 3454 459 3518 virium
480 3453 685 3519 concordiam
716 3455 975 3541 adipiscendam,
1003 3475 1100 3539 quam
1130 3473 1290 3518 summam

57 3567 213 3650 gravitati
236 3574 268 3628 et
289 3565 450 3658 honestati
472 3567 637 3630 numinum
663 3566 843 3632 divinorum
856 3568 962 3631 inesse
977 3564 1109 3630 videbat
1122 3564 1162 3644 *).
1195 3564 1289 3644 Quae

55 3677 230 3742 simulacra
252 3678 368 3741 animis
390 3677 600 3742 obuersantia
613 3699 679 3743 non
701 3679 744 3743 ad
766 3678 961 3762 elegantiam
982 3675 1085 3741 solum
1109 3675 1166 3741 sed
1182 3676 1224 3741 ad
1238 3700 1287 3742 re-

55 3788 209 3873 ligionem
232 3787 396 3853 hominurn
420 3791 546 3854 animos
569 3790 761 3855 educabant.
809 3789 882 3853 Huc
903 3789 1036 3868 accedit,
1066 3788 1153 3874 quod
1175 3809 1288 3853 sacrae

56 3899 131 3967 illae
156 3901 322 3985 opiniones
354 3898 572 3988 honestaeque
603 3904 727 3988 species
757 3901 863 3965 denuo
886 3921 1013 3986 semper
1034 3898 1081 3965 abv
1100 3899 1289 3982 artificibus,

56 4032 189 4077 summo
205 4013 519 4099 ingeniopraeditis,
552 4013 819 4101 concipiebantur
842 4022 874 4076 ct
900 4010 1091 4076 emendatae
1115 4011 1285 4079 subtiliori-

55 4123 118 4188 bus
139 4124 337 4206 imaginibus
360 4125 634 4212 exprimebantur,
656 4132 708 4189 ite·
724 4135 761 4189 ut
782 4124 837 4188 illa
858 4122 988 4210 quidem
1003 4123 1185 4203 simulacre,
1208 4146 1286 4210 qua-

126 4295 154 4364 *)
191 4259 248 4347 Clr.
267 4259 382 4364 Jacobs,
405 4297 497 4350 Verm.
520 4296 583 4350 Sch.
603 4299 678 4352 1829.
706 4315 732 4367 p.
752 4300 768 4352 9
787 4328 819 4336 -
840 4300 880 4350 19.
919 4295 1086 4361 Griineisen,
1111 4295 1206 4351 Ueber
1234 4297 1285 4348 das

52 4380 186 4438 sittliehe
208 4379 258 4434 der
286 4379 439 4435 bildenden
457 4383 549 4436 Kunst
574 4385 619 4438 bei
646 4387 700 4438 deu
718 4383 866 4438 (attenues
882 4382 1001 4449 (Ztschr.
1028 4384 1075 4436 tur
1101 4381 1164 4435 hiet
1186 4380 1286 4435 Theol.

51 4469 119 4539 lllg.
139 4465 260 4537 Leipzig
281 4470 347 4524 1833
373 4473 397 4524 3.
418 4468 482 4537 ΙΙΙ.)

940 4530 942 4535 ’
1040 4571 1057 4624 a
