2910 4994
680 281 895 344 -12-

176 475 197 516 a
226 454 317 539 cujus
339 452 592 538 insita‘quidem
623 450 787 515 hominum
818 450 950 530 animis,
983 449 1038 513 sed
1071 448 1268 513 adumbrata
1299 449 1399 514 adhuc

175 565 313 644 notione,
336 563 459 628 formae
480 563 554 627 illae
576 572 608 627 et
630 563 787 645 imagines
809 561 972 648 profectas
994 570 1108 625 essent.
1199 630 1211 653 ·

259 700 435 764 Existimat
457 701 541 762 enirn
565 697 782 785 Xenophanes
804 698 875 762 illas
889 698 1021 763 deorum
1036 700 1194 783 imagines
1210 696 1292 762 nihil
1316 696 1398 761 aliud

177 834 246 876 esse
268 812 330 875 nisi
353 811 403 874 dei
427 812 597 891 notionem,
632 809 829 887 Graecorum
853 811 968 874 animis
992 810 1103 896 quales
1125 813 1233 898 priore
1256 819 1398 896 tempore

174 924 309 987 luissent
342 921 471 1008 speculo
503 908 595 1007 quasi
626 932 867 1008 repercussam,
900 944 980 1007 quas
1015 922 1126 986 eadem
1159 923 1303 1003 ratione,
1339 943 1398 1006 qua

174 1035 273 1098 animi
297 1033 474 1098 eruditione
496 1042 705 1114 mutarentur,
727 1033 844 1097 mutari
874 1043 1036 1119 oportere:
1067 1036 1239 1098 convenire
1270 1031 1397 1096 easdem

173 1143 493 1209 tantumhominibus
510 1143 621 1208 eodem
645 1165 707 1229 quo
731 1146 854 1230 priores
878 1145 1065 1209 eruditionis
1088 1151 1206 1228 gradus
1222 1145 1397 1207 consisten-

175 1265 233 1336 tes,
256 1257 445 1321 evertendas
467 1227 565 1340 igitur
589 1264 620 1319 et
641 1256 813 1321 mutandas
837 1279 907 1321 esse
928 1279 986 1344 pro
1011 1258 1098 1320 omni
1129 1279 1254 1343 semper
1284 1255 1397 1320 aetatis

174 1370 311 1452 ingenio.
913 1364 917 1396 ¹

260 1506 312 1569 Ita
334 1507 428 1571 etiam
444 1505 505 1569 sibi
526 1503 622 1569 licere
644 1505 694 1569 vel
725 1504 767 1568 ad
797 1504 935 1568 officium
966 1526 1058 1568 suum
1089 1505 1248 1590 pertinere
1279 1516 1397 1584 censet,

174 1626 210 1681 ut
225 1617 422 1681 Graecorum
446 1615 649 1701 opinionibus
674 1617 848 1701 antiquitus
871 1618 1010 1703 acceptis
1035 1615 1239 1680 subtilionem
1265 1617 1321 1680 dei
1344 1640 1396 1698 no-

174 1730 302 1809 tionem,
326 1727 368 1791 ad
391 1737 517 1814 tempus
535 1730 791 1808 convenientem,
815 1727 918 1813 qualis
940 1751 998 1792 suo
1011 1729 1117 1791 animo
1134 1727 1326 1793 obversetur
1349 1752 1399 1816 op-

176 1847 290 1924 ponat:
321 1839 458 1904 hominis
481 1841 564 1904 enim
588 1862 672 1920 esse,
695 1838 850 1924 quidquid
873 1838 916 1904 dii
940 1838 1036 1902 semel
1058 1840 1313 1922 significaverint
1336 1863 1398 1904 am-

176 1950 259 2036 plius
283 1952 449 2036 exquirere
472 1959 503 2014 et
525 1950 667 2030 expolire
677 1951 712 2036 ³¹⁶)

264 2087 330 2152 Sed
359 2087 459 2152 divini
488 2088 572 2153 illius
607 2088 745 2151 numinis
768 2088 929 2151 notionem
960 2089 1130 2171 exquirens
1161 2097 1193 2151 et
1225 2090 1400 2176 expoliem,

177 2199 340 2282 singulare
362 2201 458 2263 etiam
481 2200 633 2286 quiddam
658 2198 868 2284 spectandum
891 2197 953 2262 sibi
969 2221 1039 2262 esse
1055 2201 1189 2284 putavit.
1236 2200 1402 2266 Sententia

178 2313 246 2396 ejus
268 2309 309 2373 de
332 2319 402 2375 ortu
414 2310 575 2394 religionis
588 2311 786 2376 Graecorum
809 2320 873 2374 est:
897 2333 937 2373 ex
961 2332 1019 2374 sua
1041 2321 1158 2375 natura
1178 2322 1307 2377 veteres
1332 2313 1400 2377 deo·
1439 2314 1445 2381 l

176 2444 247 2486 rum
270 2423 427 2506 imagines
451 2421 512 2485 sibi
531 2423 662 2487 finxisse
674 2423 749 2503 **).
1443 2414 1445 2463 i

265 2557 328 2623 Sed
351 2559 390 2623 de
413 2560 567 2646 ejusmodi
591 2560 721 2625 deorum
745 2558 941 2642 imaginibus
956 2556 1177 2644 Xenophanes
1200 2559 1336 2645 judicat,
1357 2562 1400 2624 fa·
1443 2571 1445 2611 l

177 2670 236 2735 eile
258 2693 328 2735 csse
352 2694 392 2735 ex
415 2673 521 2736 animo
544 2694 601 2736 suo
636 2682 667 2735 et
696 2672 890 2754 cogitatione
921 2645 998 2732 deos
1031 2669 1091 2731 sibi
1121 2669 1261 2753 fingere,
1295 2695 1401 2736 omnes

177 2784 262 2847 enim
284 2792 395 2866 gentes
418 2783 602 2866 ingeniosas
636 2784 714 2847 satis
747 2783 864 2862 fuisse,
896 2790 931 2843 ut
966 2780 1042 2844 deos
1076 2778 1138 2843 sibi
1169 2785 1398 2867 excogitarent,

177 2916 274 2980 quum
296 2896 438 2981 corporis
461 2895 565 2957 forma
596 2883 941 2980 (ἀνθρωπομόρφους)
972 2902 1004 2955 et
1034 2892 1133 2964 animi
1163 2889 1307 2958 motibus
1339 2893 1401 2975 (ἀν-

176 3005 438 3091 θρωποιιαθεῖς)
461 3007 510 3069 sui
534 3004 651 3068 similes
675 3027 728 3068 eos
752 3003 899 3067 faciendo
923 3005 1180 3088 acquiescerent:
1203 3007 1282 3090 quin
1307 3009 1401 3071 immo

113 3191 116 3196 ἴ
176 3120 222 3181 rei
246 3116 413 3199 augendae
443 3136 542 3179 causa
564 3157 606 3164 —
629 3126 663 3180 ut
693 3103 867 3200 opinamur
884 3155 925 3162 -
949 3117 1094 3179 veritatis
1129 3116 1347 3200 superlatione
1375 3129 1403 3182 et

385 3355 409 3422 *)
443 3353 527 3406 Οὔτοι
547 3351 592 3404 ἀπ’
613 3352 695 3423 ἀρχῆς
715 3352 807 3404 πάντα
829 3356 894 3406 dael
913 3357 1030 3417 θνητοῖς
1048 3351 1209 3415 ὑπέδειξαν,

441 3437 526 3490 Ἀλλὰ
544 3439 635 3505 χρόνῳ
658 3442 802 3502 ζητοῦντες
819 3445 1028 3507 ἐφινρίοκουοιν
1047 3441 1173 3504 ἄμεινον.

177 3553 255 3607 Stob.
274 3552 405 3623 Florileg.
424 3551 481 3605 Tit.
500 3551 607 3605 XXIX.
631 3559 695 3605 sect.
715 3554 758 3607 41.
777 3553 820 3605 ed.
841 3550 932 3605 Gaisf.
952 3558 980 3604 et
998 3551 1095 3623 Eclog.
1116 3553 1148 3606 P.
1167 3553 1190 3607 I.
1209 3571 1236 3622 p.
1255 3556 1316 3610 224.

135 3717 136 3721 ,
247 3667 286 3733 **)
321 3663 493 3735 Intelligitur
519 3664 589 3717 illud
618 3682 679 3718 cum
699 3681 730 3717 ex
752 3663 813 3716 aliis
833 3663 916 3716 dictis
934 3670 993 3716 tum
1012 3680 1045 3716 ex
1064 3664 1112 3719 illo
1128 3666 1204 3736 quod
1223 3675 1406 3723 servaverunt

177 3753 305 3807 Clemens
323 3750 529 3805 Alexandrinus
548 3750 662 3820 (Strom.
681 3751 712 3806 V.
731 3768 759 3820 p.
778 3752 837 3804 601.
859 3750 900 3819 C.)
919 3756 947 3803 et
965 3750 1105 3805 Eusebius
1129 3754 1239 3822 (praep.
1258 3769 1301 3808 ev.
1326 3755 1404 3810 ΧΙΙΙ,
1425 3790 1429 3794 ›

177 3857 204 3909 p.
224 3840 282 3894 678.
302 3839 349 3909 D.)
360 3841 382 3908 ¹)
401 3839 450 3893 cfr.
470 3839 554 3892 Olem.
575 3839 655 3892 Alex.
675 3838 775 3892 Strom.
794 3837 859 3892 Vll.
877 3855 904 3905 p.
924 3839 982 3890 711.
1002 3838 1038 3890 B:
1399 3846 1404 3852 '

240 3950 370 4015 Ἕλληνες
389 3949 418 4004 δι’
443 3952 538 4020 ὥσπερ
558 3949 825 4024 ἀνθρωπομόρφουι
849 3947 922 4001 οὕτω
946 3955 994 4000 καὶ
1019 3941 1313 4022 ἀνθροιιιοπαπιιθοῖι
1344 3955 1405 4010 τοὺς

177 4040 262 4096 θεοὺς
278 4039 478 4105 ὑποτίθενται,
503 4043 551 4090 καὶ
570 4038 703 4105 καθάπερ
720 4037 769 4090 τὰς
792 4035 902 4105 μορφὰς
929 4036 1021 4090 αὐτῶν
1045 4037 1142 4099 ὁμοίης
1161 4038 1269 4094 ἑαυτοῖς
1294 4044 1405 4096 ἔκαστοι

178 4122 413 4196 διαζωγροφοῦοι,
436 4123 471 4180 o‘io
486 4144 571 4194 φησιν
590 4121 934 4190 ὁΞινοοάνης·Αἰι9ιόιιέι
952 4143 983 4174 τι
998 4123 1117 4190 μέλανας
1135 4123 1230 4188 rapodo
1248 4145 1288 4184 τε,
1303 4131 1406 4199 θρᾷκίς

177 4233 208 4264 τι
219 4211 339 4283 πνρῥούς
352 4215 399 4262 καὶ
418 4210 558 4280 γλαυκούς·
578 4207 765 4265 οὕτωκαὶτὰς
783 4209 869 4278 ψυχὰς
884 4208 1022 4277 ὁμοιοῦσι,
1042 4214 1089 4260 nal
1107 4215 1165 4265 τοῖς
1183 4210 1405 4268 ἀναπλάττουσι.

354 4405 375 4467 ¹)
408 4398 496 4454 ’Allo'
510 4405 611 4471 βροτοὶ
629 4397 756 4452 δοκέουσι
774 4400 860 4455 θεοὺς
877 4401 1038 4470 γεννᾶσθαι
1061 4429 1089 4437 -

406 4488 461 4552 ihr
481 4492 616 4557 οφιτέρην
633 4487 656 4540 τ’
676 4488 811 4552 αἴσθησιν
829 4489 901 4552 ἔχειν
920 4485 1019 4557 φωνήν
1037 4507 1068 4538 τι
1086 4482 1168 4552 δέμον
1183 4505 1222 4538 τι.
