2910 4994
624 274 835 340 -36-

187 556 206 583 ·
532 522 603 603 De
634 523 740 605 vita
769 545 894 608 mea.

186 700 288 784 ¹Ego,
322 700 479 764 Paulus
516 700 781 766 Adalhertus
810 701 1062 788 liudolphus
1090 702 1347 770 Timotheus
1385 672 1388 713 ἓ

114 813 224 878 Rucf
230 814 310 893 fer,
347 822 443 875 natus
468 835 538 875 sum
561 812 650 876 VHl.
675 814 732 880 cal.
755 815 831 901 Maj.
853 812 1124 882 MDOOOXLVI
1150 814 1346 891 Proschlin‘i,

112 928 184 990 vico
217 947 318 1011 prope
343 922 579 1008 Cruciburgum
610 925 722 990 urbem
754 927 787 989 in
813 924 927 990 Silesia
950 926 1115 1013 superiore
1139 928 1219 1011 sito,
1252 939 1346 1017 patre

112 1038 135 1104 J
144 1060 276 1102 oanne
299 1036 479 1101 Alberto
503 1037 529 1100 R
539 1038 688 1118 neffer,
712 1038 803 1102 verbi
824 1037 923 1101 divini
940 1039 1086 1102 ministro
1102 1037 1191 1122 apud
1206 1036 1344 1105 Prosch-

114 1150 254 1214 litienses
277 1157 309 1212 et
325 1147 607 1223 Omechauienses,
630 1160 734 1213 matre
755 1148 904 1213 Louisi
916 1172 936 1212 a
959 1158 1088 1232 egente
1102 1149 1345 1233 Kellneria3

113 1284 193 1347 quos
215 1268 365 1355 parentes
388 1261 570 1323 carissimos
594 1260 673 1324 deus
698 1263 837 1346 optimus
861 1260 966 1325 adhuc
990 1261 1097 1325 salvos
1122 1285 1193 1326 esse
1213 1262 1326 1330 voluit.

199 1371 296 1435 Anno
327 1370 494 1434 millesimo
518 1374 781 1455 octingentesimo
804 1375 1072 1460 quinquagesimo
1096 1373 1215 1454 altero,
1249 1397 1346 1461 quum

111 1484 196 1571 patri
233 1506 349 1546 munus
380 1481 631 1547 ecclesiasticum
663 1484 750 1569 apud
781 1483 1005 1549 Cauernenses
1037 1494 1068 1549 et
1098 1484 1347 1553 Cattovicenses

112 1594 402 1658 administrandum
424 1594 578 1659 traditum
602 1607 695 1679 essct,
723 1595 908 1660 Cauernum
931 1598 1151 1680 migravimus,
1176 1599 1232 1682 qui
1257 1602 1349 1665 vicus

111 1706 146 1769 in
176 1705 316 1769 dioecesi
345 1704 520 1790 Bregensi,
554 1707 594 1770 ad
628 1707 776 1771 dextram
801 1708 914 1771 Viadri
937 1711 1056 1794 ripam,
1089 1710 1168 1773 situs
1192 1718 1254 1775 est.
1300 1708 1350 1776 Ibi

112 1817 226 1905 puerili
249 1817 395 1881 doctrina
418 1840 468 1881 me
484 1818 693 1883 instituerunt
708 1828 800 1905 pater
815 1820 884 1906 ipse
901 1831 932 1884 ct
948 1820 1134 1902 avunculua,
1158 1822 1349 1906 praefectus
1384 1884 1388 1929 1

112 1930 269 2010 cohortis,
297 1930 446 2013 quicum
470 1931 647 1994 commodis
672 1932 822 1994 emeritae
845 1931 977 1996 militiae
1000 1932 1150 1996 dimissus
1174 1932 1348 1999 nobiscum

112 2040 249 2121 habitat,
272 2036 505 2128 provectiorem
528 2041 626 2106 iidem
649 2044 861 2126 grammatica
880 2066 931 2107 me
947 2044 1132 2124 docuerunt,
1156 2054 1264 2109 artem
1280 2070 1348 2111 mu·

113 2156 212 2218 sicam
236 2155 286 2216 vir
309 2153 558 2216 humanissimus
584 2152 761 2217 Carolus
786 2153 951 2234 Schola,
981 2153 1207 2239 ludimagister
1231 2156 1345 2222 Catto-

111 2266 260 2328 vicensis.

197 2378 305 2457 Quum
333 2379 462 2440 tertium
487 2377 642 2441 decimum
666 2399 785 2440 annum
810 2400 939 2462 agerem
961 2380 994 2441 in
1017 2377 1222 2462 disciplinam
1248 2378 1346 2461 „illu-

112 2491 206 2553 stris“
222 2490 382 2573 gymnasii
400 2488 482 2571 regii
497 2488 681 2571 Bregensis,
699 2488 855 2552 directore
871 2487 911 2554 ill.
932 2489 949 2553 I
959 2489 1046 2553 ulio
1071 2488 1213 2552 Guttm
1225 2511 1346 2570 anno,

111 2612 263 2685 receptus
289 2623 369 2664 sum.
401 2600 439 2663 ln
462 2622 525 2685 quo
548 2601 719 2685 gymnasio
743 2622 839 2685 quum
856 2624 914 2688 per
929 2603 1180 2687 quinquennium
1196 2611 1349 2666 versatus

79 2785 87 2803 ἱ
110 2734 223 2787 essem,
248 2722 398 2797 superato
423 2712 580 2791 examine,
602 2711 636 2772 in
661 2711 860 2775 academiam
875 2712 1053 2776 litterarum
1068 2711 1279 2798 Lipsiensem
1294 2734 1344 2776 me

111 2823 247 2904 contuli,
279 2831 315 2886 ut
338 2825 370 2887 in
392 2822 556 2907 theologia
580 2829 611 2884 et
633 2821 837 2910 philosophia
860 2823 1000 2887 studium
1023 2822 1225 2888 collocarem.
1274 2823 1345 2886 Ma-

111 2937 230 3018 gistros
260 2933 304 2997 ibi
332 2936 453 3021 reperi,
486 2935 540 3019 qui
569 2957 631 2998 non
661 2933 761 2997 solum
793 2934 946 2999 doctrinis
972 2957 1024 2997 me
1046 2934 1253 3010 imbuerunt,
1288 2933 1344 2999 sed

112 3047 209 3110 etiam
233 3045 426 3110 liberalitate
450 3055 481 3110 et
503 3045 705 3110 humanitate
723 3045 934 3111 cumularunt.
971 3045 1053 3111 Sunt
1075 3044 1121 3109 illi
1135 3045 1199 3108 viri
1215 3067 1344 3110 summe

109 3157 278 3222 reverendi
307 3156 491 3239 Ahrens,
522 3157 628 3221 beat.
652 3156 809 3241 Anger,
846 3157 1114 3238 Brueclrner,
1145 3155 1347 3240 Curtius,

109 3267 345 3349 Delitasch,
380 3268 615 3352 Drobisch,
645 3268 869 3349 Erdmann,
903 3268 1075 3349 Fricke,
1109 3268 1343 3351 Hofmann,

109 3383 291 3461 Kahuis‚
320 3379 545 3459 Luthardt,
568 3378 781 3462 Marbach,
804 3379 1007 3463 Schmidt,
1032 3379 1343 3460 Tischendorf‚

109 3495 211 3560 beat.
234 3491 362 3573 Tnch,
376 3492 518 3575 Voigt,
537 3489 725 3572 Wuttke,
749 3514 882 3578 quorum
904 3494 1035 3557 nomina
1054 3493 1242 3576 gratissimo
1258 3517 1343 3560 sem-

108 3629 165 3693 per
195 3606 303 3668 animo
326 3611 551 3690 prosecuturus
573 3624 650 3668 sum.
675 3643 715 3649 —

195 3715 451 3798 eradriennium
475 3715 508 3777 in
530 3713 585 3777 illa
608 3713 775 3779 academia
798 3726 955 3796 versatus,
976 3715 1060 3780 hanc
1075 3714 1344 3781 dissertationem

110 3828 306 3915 amplissimo
336 3825 604 3913 Philosophorum
643 3825 761 3905 ordini,
801 3827 842 3890 ad
873 3825 1095 3914 philosophiae
1123 3825 1283 3892 Doctoris
1312 3837 1346 3894 et

109 3943 223 4005 artium
248 3940 407 4003 bonarum
431 3936 580 4020 Magistri
606 3937 796 4025 dignitatem
819 3941 878 4003 rite
901 3937 1146 4023 impetrandam,
1170 3938 1307 4004 tradidi.
