2910 4994
572 281 760 344 ..9..

53 448 90 513 in
110 449 316 540 philosophia
337 453 501 539 praecepit
522 449 750 540 Xenophanes.
802 451 927 533 Quodsi
950 472 970 514 a
991 449 1115 514 Botons
1141 447 1193 513 vel
1216 447 1278 513 alio

55 561 168 645 ignoto
190 561 381 651 philosopho
402 562 624 652 philosophiae
647 563 775 628 decreta
798 564 967 647 acceperit,
991 562 1106 625 mirum
1129 569 1193 640 est,
1223 582 1280 623 cur
1375 606 1380 615 ,

54 671 128 737 illos
146 675 287 759 ipsorum
311 674 514 762 philosophia
536 697 600 740 non
626 673 765 738 illustres
788 673 973 753 reddiderit,
1011 671 1280 759 quemadmodum
1382 726 1384 732 .

54 783 301 871 Xenophanem.
356 786 506 872 Denique
538 787 583 851 ita
613 808 633 849 a
661 783 823 871 prioribus
854 783 1053 872 philosophis
1083 781 1219 847 Thalete
1248 791 1279 845 et

54 894 245 980 Pythagora
267 897 435 991 dissensit,
450 906 488 963 ut
507 897 603 962 irrisu
626 919 681 962 eos
705 905 896 975 sectaretur,
922 895 1008 981 quod
1030 895 1158 980 quidem
1181 895 1208 958 si
1230 916 1278 958 re-

54 1027 135 1070 vera
157 1010 320 1093 magistris
342 1010 383 1074 iis
406 1032 482 1074 usus
506 1017 599 1088 esset,
621 1029 685 1094 qua
707 1009 826 1095 pietate
848 1007 953 1071 luisse
968 1006 1114 1087 traditur,
1136 1007 1278 1070 commit·

54 1125 123 1182 tere
153 1142 217 1183 non
248 1121 413 1205 potuisset.
459 1119 544 1208 Ipsis
572 1120 671 1203 igitur
701 1120 928 1204 magistrorum
958 1127 990 1182 et
1017 1116 1279 1205 philosophorum

55 1228 192 1293 decretis
222 1230 256 1293 in
283 1233 476 1314 gravissima
510 1229 732 1319 philosophiae
767 1252 844 1296 snae
877 1239 968 1317 parte
1001 1249 1079 1293 usus
1112 1250 1186 1292 esse
1215 1250 1281 1293 non

54 1340 191 1407 videtur.
278 1386 281 1390 ι

143 1452 197 1516 Ex
220 1475 259 1517 ea
280 1454 351 1538 ipsa
374 1462 481 1518 autem
503 1477 547 1534 re,
568 1455 655 1540 quod
678 1477 789 1520 omnes
811 1454 954 1540 priorum
977 1453 1139 1518 doctrinas
1155 1452 1281 1516 noverit

58 1572 88 1627 st
110 1573 220 1628 tamen
241 1563 321 1628 nihil
345 1587 455 1630 earum
479 1568 647 1652 acceperit,
668 1566 760 1631 firmo
783 1564 924 1651 quodam
947 1572 979 1629 et
1001 1562 1130 1628 elatiore
1151 1563 1280 1644 ingenio
1344 1623 1346 1627 ,

57 1692 130 1739 eum
159 1673 258 1740 fuisse
289 1686 442 1762 apparet:
487 1675 595 1742 subtili
624 1678 818 1762 cogitatione
847 1677 1060 1741 monumentis
1083 1674 1280 1740 Graecorum

57 1787 178 1871 ingenii
201 1787 509 1874 comprehendendis
533 1797 565 1852 et
587 1789 762 1854 secundum
785 1810 877 1852 suam
898 1785 1038 1851 indolem
1061 1786 1206 1850 nativam
1229 1784 1281 1848 de-

54 1921 121 1963 nuo
145 1900 239 1984 quasi
260 1899 498 1982 regenerandis,
520 1922 623 1965 novas
644 1922 696 1965 res
721 1900 847 1987 peperit
869 1907 900 1963 et
914 1898 1060 1986 protulit.
1138 1983 1142 1987 ⁵

145 2009 196 2074 Ita
217 2010 339 2075 facturn
361 2020 411 2075 est
441 2019 477 2075 ut
500 2009 696 2076 Graecorum
722 2012 910 2095 religionem
934 2032 999 2073 non
1029 2031 1066 2073 eo
1095 2031 1191 2073 sensu
1219 2029 1282 2094 quo
1309 2072 1313 2088 ,

56 2123 181 2207 priores
206 2121 258 2186 vel
288 2121 437 2207 aequales
467 2122 614 2208 accipere
645 2131 761 2209 posset.
806 2122 896 2201 Quos
928 2121 954 2184 si
980 2120 1060 2184 levis
1091 2120 1221 2208 quidam
1251 2127 1284 2183 et

56 2233 192 2319 puerilis
215 2231 323 2296 adhuc
346 2232 472 2297 animus
495 2234 629 2298 idoneos
652 2235 738 2316 fecit,
758 2242 794 2298 ut
816 2234 884 2296 sine
902 2231 1025 2318 judicio
1056 2240 1176 2296 temere
1198 2241 1284 2294 vete-

56 2367 130 2408 rum
154 2343 359 2430 opinionibus
383 2345 592 2427 assentirent,
622 2344 858 2431 Xenophanem
887 2365 960 2408 acre
984 2352 1015 2407 et
1039 2353 1169 2408 acutum
1193 2345 1282 2427 inge-

56 2457 142 2520 nium
177 2454 357 2542 prohibuit,
392 2457 562 2541 quominus
596 2479 797 2521 communem
825 2456 946 2519 famam
978 2465 1008 2519 et
1039 2476 1217 2519 sermonem
1241 2454 1284 2517 ad

56 2567 195 2631 verbum
219 2571 388 2654 acciperet.
434 2567 541 2648 Quum
565 2591 655 2631 mens
679 2569 747 2655 ejus
770 2567 812 2630 ad
834 2566 959 2650 frugem
994 2567 1087 2651 quasi
1119 2567 1282 2652 pervenis-

57 2687 126 2759 set,
155 2680 296 2744 firmiore
317 2677 436 2764 judicio
460 2700 497 2742 eo
521 2677 680 2743 adductus
714 2689 778 2759 est,
808 2689 843 2742 ut
877 2680 1004 2743 omissis
1039 2675 1283 2741 auctoritatibus

55 2792 131 2876 ipsa
153 2812 188 2852 re
212 2798 243 2853 et
264 2792 390 2854 ratione
412 2790 580 2853 veritatem
603 2791 785 2875 exquireret
808 2800 840 2853 et
864 2790 908 2853 ad
932 2811 1023 2853 suum
1048 2787 1216 2852 arbitrium
1237 2790 1284 2852 in·

57 2910 298 2989 terpretaretur,
322 2921 541 2987 quaecumque
564 2901 604 2965 de
625 2901 779 2986 religione
804 2901 902 2985 vulgo
927 2900 1149 2965 credebantur.
1198 2899 1283 2963 Cau-

57 2997 114 3076 sas
136 3012 236 3095 igitur
259 3011 429 3077 dubitandi
452 3011 491 3075 de
515 3012 662 3078 omnibus
684 3036 764 3099 quos
780 3010 899 3078 Graeci
921 3010 1070 3076 colebant
1093 3011 1153 3074 diis
1178 3010 1285 3075 attulit

56 3123 88 3186 ei
111 3145 202 3186 mens
223 3123 280 3187 illa
301 3132 407 3205 acuta,
430 3107 550 3209 inqua
573 3146 692 3208 magna
715 3126 813 3188 animi
836 3127 904 3210 ejus
927 3125 976 3188 vis
999 3124 1105 3210 posita
1127 3131 1183 3188 est.

143 3233 349 3300 Proveotiore
360 3233 415 3297 illa
430 3245 534 3298 mente
545 3235 665 3299 factum
676 3247 733 3316 est,
756 3245 791 3300 ut
812 3245 950 3300 aetatem
966 3257 1058 3299 suam
1073 3239 1285 3320 praecurrens

57 3366 191 3429 prorsus
209 3344 392 3432 aequalium
415 3367 545 3410 suorum
569 3347 669 3410 sacris
693 3347 897 3433 opinionibus
919 3369 953 3410 se
976 3353 1157 3432 opponeret.
1195 3345 1284 3408 Men-

56 3444 230 3520 tamenim
252 3455 340 3520 illam
365 3467 510 3538 secutus,
532 3458 723 3542 religionum
748 3480 768 3521 a
789 3457 949 3545 prioribus
973 3467 1176 3543 acceptarum
1199 3457 1285 3520 infir-

56 3569 202 3631 mitatem
224 3569 431 3656 perspiciens,
459 3568 613 3634 subruere
636 3579 667 3634 et
690 3579 832 3634 evertere
854 3591 965 3635 earum
993 3570 1216 3634 auctoritatem
1238 3569 1285 3630 in·
1351 3581 1353 3585 ’

57 3679 169 3745 stituit.

145 3789 242 3870 Quod
265 3799 377 3855 contra
399 3798 523 3856 tanturn
547 3792 670 3873 aberat,
694 3802 729 3857 ut
752 3792 885 3873 Graeci,
909 3792 1137 3857 animadversa
1160 3790 1285 3855 fabula-

56 3924 128 3965 rum
150 3901 345 3983 infirmitate,
369 3903 411 3967 ad
435 3901 616 3967 subtiliores
639 3904 811 3985 religiones
834 3906 1038 3986 eniterentur,
1064 3912 1097 3967 ut
1120 3926 1160 3966 ne
1183 3903 1286 3987 inqui-

56 4035 126 4077 rere
142 4012 274 4098 quidem
286 4015 320 4076 in
332 4036 388 4078 eas
401 4014 575 4078 studerent.
619 4017 665 4080 At
679 4016 810 4080 videbat
821 4015 1040 4100 Xenophanes
1053 4015 1130 4100 quid
1143 4014 1286 4078 Graecos

56 4133 219 4205 maneret,
251 4133 369 4189 temere
399 4125 602 4212 opinionibus
633 4135 729 4214 atque
759 4126 967 4210 religionibus
1000 4150 1033 4190 se
1055 4127 1287 4211 permittentes,

56 4259 138 4323 qnae
163 4237 280 4322 puerili
304 4247 410 4301 aetate
432 4247 584 4322 acceptae
609 4237 650 4301 ab
675 4238 804 4302 adultae
826 4240 965 4303 civitatis
988 4234 1117 4322 ingenio
1134 4259 1285 4321 superan-

55 4349 114 4415 dae
139 4356 258 4430 essent,
281 4370 361 4434 quas
384 4352 517 4436 rejicere
540 4349 667 4432 nollent,
689 4372 788 4436 quum
804 4349 974 4433 elegantia,
996 4350 1159 4428 facilitate,
1182 4349 1286 4412 indul-

53 4462 165 4546 gentia
178 4459 378 4535 excellentes,
403 4462 572 4526 suavitatis
585 4461 719 4534 multum
732 4461 904 4526 haberent:
928 4461 1061 4526 videbat
1072 4460 1288 4548 corruptelam
