2910 4994
564 262 774 327 ..29-

52 435 104 501 illi
126 438 257 523 quidem
280 437 341 502 viri
364 435 406 501 ad
429 431 685 500 conservandam
711 441 744 497 et
779 430 961 517 aagendam
994 431 1158 497 civitatem
1194 432 1285 519 quid·

54 570 158 634 quam
182 551 373 630 conferrent,
396 547 451 634 qui
474 544 666 610 excellerent
685 545 831 632 corporis
852 543 1080 624 virtutibus*).

149 663 265 748 Itaque
294 661 483 726 existimans
504 654 739 742 Xenophanes,
769 655 928 739 Graecos,
957 678 1055 743 quum
1078 656 1121 720 ad
1147 659 1290 744 corporis

56 776 289 858 praestantiam
310 770 565 857 comparandam
587 769 797 850 eniterentur,
817 770 852 834 in
874 767 1038 834 mollitiem
1060 778 1092 834 et
1113 770 1287 856 perniciem

56 886 220 966 incidisse,
243 886 284 951 ad
307 885 553 970 temperantiam
575 892 607 946 et
629 882 822 968 sapientiam
844 890 1054 967 perventuros
1077 902 1132 945 eos
1153 883 1287 963 censuit,

61 1001 90 1063 si
114 999 241 1063 animos
263 999 346 1064 bene
369 995 539 1061 erudirent.
581 992 634 1058 Ea
657 992 697 1058 de
718 1014 818 1058 eausa
832 991 966 1058 Homeri
986 1001 1018 1057 et
1032 990 1167 1058 Hesiodi
1181 1014 1289 1080 opera,

58 1110 177 1196 quibus
201 1109 278 1174 nihil
300 1111 426 1176 honesti
448 1109 568 1173 inesset
582 1103 650 1186 ³⁸²³),
682 1126 700 1168 o
722 1104 840 1170 scholis
863 1104 935 1190 ejici
963 1114 996 1169 et
1023 1103 1057 1169 id
1085 1107 1287 1191 potissimum

57 1224 92 1286 in
116 1222 293 1287 educandis
315 1223 423 1309 pueris
447 1219 587 1306 spectari
602 1217 713 1299 voluit,
735 1227 771 1281 ut
793 1239 859 1282 non
881 1225 947 1281 tam
970 1215 1089 1281 multae
1111 1217 1241 1282 tabulae
1256 1228 1289 1282 et

11 1396 15 1409 ‚
57 1335 205 1399 carmina
228 1335 444 1418 discerentur,
484 1354 582 1418 quam
605 1331 702 1396 animi
723 1329 909 1394 meditando
933 1339 1157 1394 exercerentur
1179 1339 1211 1394 et
1232 1352 1286 1394 ex-

57 1446 249 1530 colerentur,
280 1448 366 1534 quod
392 1447 444 1511 vel
466 1445 499 1509 in
528 1445 653 1510 minore
686 1465 793 1508 rerum
830 1442 1058 1507 discendarum
1091 1443 1185 1528 copia
1217 1442 1287 1506 fieri

59 1569 170 1647 posset
185 1559 262 1644 tm).

147 1671 259 1736 Pauca
279 1671 336 1736 illa
358 1678 532 1758 supersunt
556 1660 597 1733 de
615 1667 733 1747 multis,
756 1687 839 1751 quae
859 1664 1079 1750 Xenophanes
1102 1663 1142 1727 de
1164 1685 1289 1730 morum

11 1712 26 1863 l-
59 1783 232 1869 disciplina
254 1783 398 1868 scripsit;
426 1781 527 1846 multa
549 1782 635 1846 enim
658 1777 819 1843 derebus
841 1776 904 1842 huc
924 1775 1159 1863 pertinentibus
1183 1779 1288 1862 egisse

58 1895 196 1974 videtur,
218 1895 375 1981 siquidem
390 1916 561 1983 perversos
577 1894 692 1958 aetatis
712 1913 790 1955 suae
813 1881 919 1954 mores
941 1889 1144 1955 conformare
1166 1898 1198 1954 et
1218 1912 1288 1956 cor·

10 1988 19 2081 l
55 2008 168 2091 rigere
193 2007 330 2092 studuit,
360 2019 393 2073 et
413 2029 539 2073 morum
561 2027 662 2070 causa
682 2003 861 2069 Homerum
882 2011 916 2066 et
936 2000 1114 2068 Hesiodum
1137 2003 1184 2067 ita
1205 2004 1288 2068 vitn-

10 2102 16 2125 l

58 2120 197 2206 paravit,
229 2129 265 2184 ut
297 2130 464 2208 poetarum
493 2117 619 2184 illorum
642 2115 871 2182 acerbissimus
893 2113 1098 2180 adversarius
1120 2113 1287 2182 diceretur.

10 2128 21 2357 l
59 2231 128 2296 Sed
143 2230 307 2298 sufficiunt
320 2233 459 2316 exiguae
474 2231 548 2296 illae
562 2229 725 2316 reliquiae,
740 2235 776 2292 ut
790 2226 995 2311 intelligatur,
1017 2247 1115 2312 quam
1130 2228 1287 2294 rationem

10 2366 15 2391 ²
58 2345 93 2409 in
116 2343 341 2431 philosophiae
361 2353 454 2430 parte
475 2342 590 2408 morali
611 2349 738 2407 secutus
761 2341 812 2404 sit.

60 2506 63 2511 .
145 2455 364 2521 Proficiaeitur
393 2459 462 2544 ejus
491 2455 661 2543 disciplina
694 2474 715 2517 a
741 2451 968 2527 meditatione,
1006 2453 1117 2517 nititur
1156 2454 1288 2522 humani

53 2568 162 2635 animi
199 2576 325 2648 natura,
363 2579 530 2634 exercetur
563 2570 699 2648 ratione,
735 2564 874 2629 hominis
896 2564 1004 2631 auimo
1026 2564 1132 2629 insita.
1177 2568 1288 2634 Animi

218 2752 241 2817 *)
279 2754 316 2803 Οὐ
334 2750 387 2822 γὰρ
408 2747 434 2802 εἰ
451 2750 554 2812 πύκτης
573 2749 681 2821 ἀγαθὸς
699 2747 789 2801 λαοῖσι
805 2752 900 2817 μετείη

308 2838 372 2891 0ὔῦ
391 2837 416 2889 εἰ
434 2834 617 2902 πενταθλεῖν,
637 2836 700 2887 οὔτε
719 2830 956 2902 παλαισμοσύνην.

274 2919 345 2976 Οὐδὲ
363 2927 416 2991 μὲν
435 2923 460 2976 οἱ
478 2927 610 2988 ταχυτῆτι
628 2917 728 2974 ποδῶν
744 2923 834 2991 τόπερ
853 2923 912 2973 ἐστὶ
930 2921 1073 2990 πρότιμον

305 3010 415 3078 Ῥώμης,
435 3008 493 3063 rioc'
513 3005 625 3078 ἀνδρῶν
642 3011 698 3080 ἕρμ’
718 3012 749 3059 ἐν
767 3007 858 3078 ἀγῶνι
875 3006 960 3064 πόλει.

276 3098 414 3150 Τοῦνεκεν
434 3096 471 3150 ἂν
489 3092 522 3161 δὴ
540 3094 648 3164 μᾶλλον
666 3100 697 3145 ἐν
715 3092 829 3166 εὐνομίῃ
847 3091 927 3149 πόλις
947 3094 988 3155 εἴη
1017 3152 1020 3157 ,
1121 3158 1125 3169 .

306 3185 435 3254 Σμικρὸν
455 3180 516 3236 δ’ἄν
534 3203 563 3235 τι
584 3179 664 3234 πόλει
680 3180 773 3250 χάρμα
790 3184 892 3250 γένοιτ’
910 3186 957 3232 ἐπὶ
975 3172 1016 3248 τῷ

273 3273 314 3324 Εἴ
329 3292 371 3328 τις
389 3269 535 3325 ἀεθλεύων
552 3273 625 3335 νικῷ
643 3266 824 3337 Πίσαο’παρ’
843 3265 942 3331 ὄχθας·
969 3260 982 3275 ’“

256 3400 259 3407 .
309 3358 347 3412 Oi
365 3358 419 3430 γὰρ
438 3361 654 3411 πιαίνειῑταῦτα
670 3354 771 3422 μυχοὺς
788 3353 895 3408 πόλιος.
1046 3380 1049 3399 =
1167 3394 1171 3402 .

782 3500 786 3509 ,
975 3439 1042 3505 ath.
1060 3439 1096 3495 X.
1114 3459 1141 3512 p.
1161 3444 1221 3500 413.

230 3526 278 3600 ’**)
316 3531 387 3584 Οὔτε
405 3529 494 3599 μάχας
513 3514 767 3595 διέπεινΤιιήνων
785 3525 850 3582 οὐδὲ
866 3527 1012 3621 Γιγάντμν

345 3614 418 3671 Or’rds'
433 3637 463 3670 το
480 3617 653 3685 Κενταύρων
682 3613 831 3683 πλάσματα
850 3620 910 3667 τῶν
932 3617 1075 3683 προτέραν

302 3705 341 3757 Ἢ
358 3704 478 3769 στάσιας,
498 3700 633 3774 φλεδόνας
654 3709 712 3758 τοῖς
729 3699 818 3756 ottav-
830 3701 952 3772 χρηστὸν
974 3703 1091 3754 ἔνεστιν.

968 3787 1032 3841 Ath.
1050 3785 1100 3842 XL
1118 3803 1145 3856 p.
1161 3789 1221 3844 462.

133 3876 190 3944 Μ)
225 3875 307 3929 Hanc
323 3893 379 3929 rem
390 3876 499 3930 Kranae
518 3875 633 3945 (Gesch.
654 3877 679 3930 d.
690 3876 753 3930 Era.
772 3879 829 3946 §3:
849 3873 975 3931 ionias-he
989 3873 1118 3944 Staaten)
1137 3874 1214 3929 hisce
1230 3892 1289 3930 ver-

53 3962 104 4016 bis
125 3961 230 4034 tetigit:
268 3961 345 4029 „Der
363 3963 455 4016 Messe
481 3964 530 4016 des
550 3962 635 4018 Stoffs
662 3965 826 4034 gegeniiber
850 3961 949 4016 suchte
977 3978 1043 4015 man
1069 3960 1142 4013 auch
1167 3962 1213 4016 die
1231 3963 1289 4018 Me·

52 4048 149 4103 thoda
168 4049 198 4102 in
218 4048 502 4104 denLehranstalten
522 4067 556 4103 zu
576 4049 741 4104 verbesscrn
760 4049 818 4103 und
836 4067 871 4102 zu
889 4048 1064 4103 erleichtern.
1101 4047 1290 4118 GegenEnde

56 4136 157 4191 dieser
174 4135 292 4190 Periode
309 4143 402 4190 traten
421 4136 509 4190 selbot
525 4135 727 4192 reformirende
746 4137 861 4208 Gegner
879 4137 929 4190 des
949 4134 1145 4189 Bestehenden
1170 4135 1234 4206 auf,
1259 4154 1290 4191 so

57 4223 113 4276 wie
132 4240 155 4276 z.
175 4222 208 4275 B.
227 4222 277 4275 der
294 4220 478 4292 Colophonier
496 4221 704 4292 Xenophanes,
730 4223 779 4277 der
798 4224 849 4276 das
868 4223 910 4276 als
929 4221 1091 4277 Schulbuch
1111 4221 1290 4294 eingefdhrte

56 4309 119 4363 und
139 4308 168 4361 in
188 4308 280 4361 dieser
297 4307 483 4379 Eigenschaft
502 4326 532 4362 so
552 4309 702 4380 allgemein
724 4309 889 4380 geschitate
910 4307 1085 4364 homerische
1098 4309 1174 4379 Epos
1194 4327 1288 4365 rerur-

57 4395 168 4450 theilte.
204 4394 285 4448 Eben
311 4413 341 4450 so
373 4396 464 4467 wenig
481 4397 573 4451 wollte
594 4412 626 4450 er
653 4396 699 4450 die
717 4395 850 4468 Gesange.
869 4395 918 4449 des
936 4394 1044 4450 Hesiod
1064 4396 1107 4449 als
1125 4394 1289 4452 Schulbuch

57 4483 156 4557 galtoa
174 4481 296 4539 lmen.“
