2910 4994
614 240 826 304 ..19-

107 407 199 502 mahat
222 414 397 498 signifieat:
442 412 522 496 „das
544 413 613 476 rein
636 409 839 497 kerperliche
861 412 990 498 Princip
1015 409 1071 474 des
1095 413 1252 495 geistigen
1266 411 1337 475 ¹Le·

75 591 77 594 ,
108 525 210 607 bens,
234 529 267 589 in
288 525 442 590 welchem
466 525 518 589 die
539 524 742 588 Funetionen
766 523 822 588 des
847 523 990 605 Geistes,
1017 521 1227 609 Empfinden‚
1251 525 1337 589 Den-

109 638 195 718 ken,
218 638 347 704 Wollen
376 637 467 709 ihren
491 637 559 703 Sitz
588 636 713 716 haben,
743 635 879 700 welches
908 636 997 701 nieht
1019 636 1077 700 das
1101 634 1232 722 Subject
1254 640 1341 704 einer

108 752 271 834 geistigen
288 749 477 834 Thatigkeit
500 749 568 813 sein
590 748 690 830 kann,
715 746 851 812 sondern
874 772 936 814 nur
957 749 1016 813 das
1033 747 1137 812 Mittel
1156 753 1241 832 etc.“‚
1264 749 1341 825 νοῦς

109 872 221 926 autem
244 862 332 948 apud
355 863 492 927 eundem
515 863 713 945 ‚‚rationem“
736 861 904 944 significat.
1313 864 1316 869 ’

201 1000 295 1065 Alius
318 1003 415 1085 igitur
438 1002 521 1065 illius
543 1002 633 1064 vocis
656 1023 733 1065 usus
762 1011 811 1065 est
841 999 1127 1086 apudHomerum,
1150 1000 1232 1065 alius
1255 999 1341 1086 apud

111 1113 347 1198 Pythagoram,
372 1136 471 1201 quare
494 1113 640 1199 quaestio
664 1114 779 1194 oritur,
801 1135 864 1200 quo
888 1136 984 1177 sensu
995 1101 1215 1200 Xenophanes
1230 1135 1342 1177 vocem

112 1217 204 1314 φρήν
225 1224 359 1310 intelligi
382 1224 526 1290 voluerit.

203 1359 413 1449 Pythagorae
437 1387 529 1429 usum
553 1387 626 1429 eum
656 1366 817 1451 recepisse
832 1363 928 1432 ›forts
958 1363 1117 1448 quispiam
1147 1362 1347 1432 contenderit

115 1475 335 1557 considerans,
357 1475 564 1563 Pythagorae
587 1475 768 1558 doctrinam
791 1498 862 1539 eum
886 1477 1048 1558 cognitam
1064 1473 1225 1556 habuisse,
1248 1497 1346 1561 quum

116 1591 145 1652 ei
170 1608 244 1651 cum
265 1586 319 1652 illo
342 1588 376 1652 in
398 1610 519 1672 magna
538 1588 677 1654 Graecia
699 1587 897 1656 consuetudo
919 1588 1143 1653 intercesserit.
1177 1587 1241 1652 Sed
1267 1587 1347 1655 haec

116 1723 182 1764 non
207 1698 376 1766 sufficiunt.
421 1700 569 1788 Namque
599 1704 702 1789 primo
730 1700 1008 1786 Pythagoreorum
1037 1697 1261 1785 philosophiae
1291 1699 1346 1768 ad-

118 1813 283 1876 versarius
305 1812 405 1876 fuisse
427 1813 565 1907 traclitur
587 1815 679 1899 eique
701 1813 821 1902 pariter
844 1820 940 1897 atque
962 1810 1106 1876 Thaletis
1128 1813 1271 1898 opinioni
1292 1834 1347 1898 op·

120 1922 304 2013 positus*);
328 1926 495 2011 oppositus
519 1935 625 2018 autem
652 1915 710 1995 nel¹
725 1926 865 1993 maxime
887 1925 921 1989 in
944 1924 1104 1991 sententia
1126 1922 1166 1987 de
1188 1922 1349 1991 humanae

121 2039 252 2101 animae
271 2044 397 2118 natura,
419 2045 451 2100 et
474 2038 517 2102 ita
539 2037 677 2124 quidem,
698 2047 735 2105 ut
754 2035 1034 2123 Pythagoreorum
1056 2035 1277 2123 philosophiae
1298 2058 1349 2102 ce-

83 2203 84 2208 ,
119 2148 323 2213 leberrimam
346 2158 471 2238 partem
493 2144 772 2239 (μετεμψύχωσιν)
796 2149 920 2215 acerbis
943 2147 1067 2213 facetiis
1090 2147 1238 2214 irrideret
1253 2148 1313 2235 **).

150 2339 153 2343 .
210 2287 405 2355 Universum
440 2296 548 2355 autem
570 2285 850 2372 Pythagoreorum
882 2286 922 2351 de
944 2286 1081 2350 hominis
1105 2287 1212 2350 anima
1235 2287 1351 2351 doctri-

122 2423 200 2493 nam
222 2401 430 2487 rejicientem,
453 2399 598 2483 singulas
620 2398 821 2464 definitiones
844 2407 876 2463 et
898 2398 1148 2482 significationes
1168 2400 1254 2485 apud
1281 2399 1351 2465 illos

123 2515 272 2594 usitatas,
295 2510 531 2599 Xenophanem
554 2513 726 2598 accepisse,
749 2510 878 2575 difficile
900 2521 949 2576 est
970 2511 1140 2575 intellectu.

211 2624 286 2693 Huc
309 2621 442 2703 aceedit,
465 2623 549 2711 quod
573 2623 721 2691 omnibus
744 2624 889 2707 Graecis,
904 2625 1002 2688 etiam
1025 2623 1173 2692 doctrina
1195 2645 1258 2687 non
1281 2646 1352 2688 eru-

123 2737 204 2803 ditis
229 2737 365 2823 scripsit,
387 2758 498 2805 eorum
521 2758 626 2801 mores
648 2744 681 2800 et
692 2737 857 2820 ingenium
868 2735 1127 2803 conformaturus
1134 2783 1143 2817 ,
1166 2753 1264 2820 quum
1285 2737 1355 2820 ipse

123 2851 226 2928 dicat,
248 2869 305 2932 per
327 2850 497 2932 sexaginta
519 2859 642 2935 septem
665 2871 767 2913 annos
790 2848 933 2914 Graecos
956 2847 1045 2911 cordi
1068 2847 1129 2910 sibi
1157 2846 1256 2910 fuisse
1279 2847 1354 2932 m)

124 2973 159 3026 et
184 2959 295 3023 eadem
319 2960 358 3024 de
382 2983 481 3024 causa
503 2960 716 3047 rapsodarum
739 2984 827 3025 more
849 2961 995 3025 carmina
1018 2982 1076 3022 sua
1098 2960 1237 3023 recitans
1255 2957 1354 3023 (irae-

121 3074 211 3140 eiam
242 3061 435 3157 peragrasse
464 3071 667 3160 tradatur†).
715 3073 906 3138 Doctrinam
944 3080 1051 3138 autem
1089 3093 1178 3135 suam
1216 3070 1354 3157 promul·

216 3323 244 3393 *)
276 3318 471 3385 Ἀντιδοξάσαι
487 3344 517 3377 τε
535 3319 642 3394 λέγεται
662 3320 737 3396 &ulfi
756 3326 803 3373 καὶ
823 3321 981 3393 Πυθαγόρᾳ
1008 3360 1072 3373 ...

194 3411 196 3416 ’
231 3430 234 3435 ·
1021 3405 1106 3478 Diog.
1124 3407 1154 3460 L.
1172 3406 1223 3460 IX.
1242 3409 1283 3461 19.

192 3497 242 3565 Η)
277 3501 349 3566 Περὶ
368 3492 399 3548 δὲ
415 3500 467 3547 τοῦ
486 3493 585 3549 ἄλλοτε
604 3494 689 3548 ἄλλον
705 3497 876 3568 γεγενῆσθαι
894 3486 1057 3565 Ξενοφάνης
1080 3500 1111 3546 έν
1136 3493 1243 3566 ἐλεγείᾳ
1270 3501 1357 3560 προο-

123 3589 271 3656 μορτνρσῖ,
295 3575 326 3649 ἧς
344 3583 421 3654 ἆρχὴ·

200 3675 263 3723 Νῦν
281 3664 370 3724 σῦνί
394 3668 477 3723 ἄλλον
495 3658 591 3737 ὲάειμι
610 3667 702 3739 λόγον,
725 3665 808 3728 δείξαι
829 3663 859 3719 ta
877 3665 1020 3720 κέλευθον.
1067 3657 1069 3661 ¹

152 3757 189 3812 Ὅ
209 3754 239 3809 δὲ
254 3764 318 3827 περὶ
338 3757 424 3810 αὐτοῦ
441 3755 512 3828 (soll.
532 3756 568 3810 de
586 3756 762 3826 Pythagora)
780 3752 851 3824 λέγει
870 3751 957 3808 οὕτως
975 3757 1041 3819 ἔχει’

168 3839 169 3844 ’
198 3851 259 3897 Καί
275 3852 346 3900 ποτέ
362 3867 413 3914 μιν
432 3843 664 3912 στυφελιζομένου
683 3840 816 3896 σκύλακος
835 3840 976 3910 παριόντα

242 3937 335 3984 Φασὶν
351 3936 527 4000 έποιιιτεῖραι
545 3936 593 3983 καὶ
611 3928 677 3983 τόδε
697 3928 810 4006 φάσθαι
829 3930 902 3982 ἔπος.

204 4025 322 4084 Παῦσαι,
339 4015 410 4088 μηδὲ
430 4018 537 4090 ῥάπιζ’,
558 4005 636 4080 basar)
656 4017 738 4087 φίλου
757 4017 854 4083 ἀνέρος
872 4016 945 4066 ἐστίν

239 4107 321 4172 Ψυχὴ,
341 4112 388 4170 τῆς
409 4109 501 4178 ἔγνων
520 4104 715 4175 φθεγξαμένης
736 4102 820 4155 dtas.

939 4185 1024 4257 Diog.
1044 4190 1133 4239 Laert.
1156 4183 1234 4239 VllI.
1253 4185 1296 4243 36.
1360 4203 1362 4207 ·

183 4280 250 4347 W)
283 4277 371 4349 Diog.
391 4278 485 4330 Laert.
505 4275 555 4330 IX.
576 4279 615 4332 19.

221 4385 250 4452 †)
281 4382 362 4436 Ἀλλὰ
383 4386 431 4434 καὶ
450 4380 532 4440 αὐτὸς
549 4377 718 4455 ἐῤῥαψιρδαι
736 4379 771 4432 τοὶ
790 4380 899 4432 ἑαυτοῦ.

966 4462 1051 4532 Diog.
1072 4460 1167 4514 Laeti.
1186 4459 1237 4516 IX,
1252 4465 1295 4519 18.

1101 4564 1138 4636 all
