2910 4994
613 256 820 323 „22-

108 438 215 494 autem
230 431 320 498 inter
351 433 517 516 utriusque
548 426 731 515 philosophi
765 428 948 516 opinionem
979 427 1029 493 vel
1060 429 1219 509 maxime,
1254 428 1342 519 quod¹

110 543 330 629 Xenophanes
360 554 472 635 negat,
505 541 651 607 divinum
681 563 799 605 numen
833 541 869 625 in
891 541 1007 605 animis
1029 541 1197 606 hominum
1220 541 1331 624 vigere,

111 654 288 720 humanum
312 656 454 721 animum
478 655 530 718 dei
552 652 782 737 intelligentiae
803 662 928 738 partem
951 676 1030 718 esse.
1074 652 1233 717 Animum
1256 654 1332 716 enirn

101 789 176 831 non
208 767 309 832 divini
339 767 467 853 generis
498 765 554 830 sed
584 763 714 850 πνεῦμα
742 788 813 831 esse
843 764 921 829 dicit
932 765 975 847 ²⁸).
1020 764 1054 830 si
1083 775 1190 830 eutem
1214 767 1333 831 animus

111 871 243 967 (ψυχὴ),
273 903 367 969 quem
389 878 602 944 immortalem
625 876 788 942 hominum
817 887 940 964 partem
964 877 1014 942 vel
1043 888 1115 964 post
1140 888 1282 943 mortem
1307 879 1335 941 in

110 990 222 1057 inferis
250 1015 417 1056 remanere
439 991 556 1056 Graeci
578 989 817 1070 existimabant,
848 1014 911 1054 non
935 991 1036 1056 divini
1058 992 1187 1074 generis
1211 999 1271 1073 est,
1293 1012 1335 1055 se·

45 1094 48 1101 ¹
113 1106 229 1189 quitur,
254 1116 290 1169 ut
312 1127 423 1192 neque,
445 1101 716 1191 quemadmodum
740 1102 882 1190 Spinoaa
906 1104 1076 1186 vulteum
1100 1104 1160 1168 deo
1185 1104 1218 1166 in
1243 1125 1336 1166 unum

113 1212 199 1280 coire
206 1237 215 1297 5
238 1233 358 1303 neque,
388 1216 530 1281 humana
552 1210 717 1280 voluntate
739 1238 811 1279 cum
834 1214 944 1280 divina
966 1227 1180 1300 congruente,
1203 1214 1339 1280 hominis

112 1327 216 1392 virtus
233 1324 351 1394 divinis
375 1327 457 1415 (sive
473 1326 623 1411 naturae)
634 1325 761 1412 legibus
777 1324 941 1395 efficiatur.
987 1328 1050 1392 Sed
1068 1330 1212 1415 sequitur
1237 1328 1340 1410 etiam,

115 1432 197 1504 utin
212 1436 426 1527 Xenophanis
441 1440 595 1524 religione
618 1463 684 1505 non
706 1436 819 1504 eadem
841 1441 974 1520 ratione,
996 1456 1061 1527 ‘qua
1076 1442 1109 1505 in
1125 1439 1341 1527 Spiuozismo,

115 1545 254 1616 liberum
272 1550 412 1618 hominis
435 1551 603 1617 arbitrium
626 1553 731 1638 perire
753 1553 864 1638 possit.

201 1696 317 1783 Itaque
339 1698 551 1795 Xenophanis
596 1699 834 1786 panhersmum
858 1721 896 1761 ea
919 1699 1044 1762 virtutis
1065 1698 1238 1784 principia,
1266 1720 1345 1784 quae

118 1792 305 1874 Stoicisrhus'
337 1810 388 1875 vel
410 1810 643 1898 Spinoaismus,
677 1810 873 1876 continuisse
907 1833 948 1873 ex
980 1811 1021 1875 iis
1055 1831 1138 1897 quae
1173 1819 1346 1896 supersunt

118 1910 260 2008 reliquiis
290 1922 415 1988 ostendi
446 1949 510 1989 uon
537 1934 653 2012 potest
631 1924 823 1989 Perlus
811 1933 898 1988 ran
899 1947 933 1987 es
961 1933 1068 1986 autem
1099 1933 1149 1987 oe
1151 1946 1208 1987 era
1236 1921 1345 1986 Xeno-

118 2035 235 2121 phanis
258 2034 354 2118 diota,
377 2036 493 2124 quibus
517 2037 662 2102 divinum
684 2060 802 2101 numen
826 2034 1005 2120 descripsit
1030 2037 1249 2155 exquiremuS,
1274 2057 1346 2099 num

120 2149 250 2212 omnino
273 2150 375 2212 exiis
401 2149 498 2214 virtut
498 2149 526 2214 is
548 2148 707 2260 principia
731 2146 881 2214 ducit
826 2171 867 2234 po
868 2148 997 2214 tuerint

205 2287 244 2353 In
266 2287 320 2352 illo
343 2287 383 2352 de
405 2310 467 2374 quo
490 2288 556 2374 jam
580 2284 719 2351 diximus
743 2286 852 2354 effato:

246 2396 330 2465 Ἀλλ’
358 2391 532 2465 ἀπάνευθε
554 2391 671 2465 πόνοιο
693 2392 774 2465 νόου
797 2402 890 2487 φρενὶ
911 2395 1026 2464 πάντα
1052 2393 1231 2483 κραδαίνοι.

122 2513 163 2578 de
190 2513 316 2578 ratione
338 2511 465 2599 quidem
488 2511 630 2598 loquitur
651 2510 887 2598 Xenophanes,
918 2510 975 2574 sed
998 2533 1069 2575 earn
1100 2530 1167 2576 non
1189 2512 1240 2599 ita¹
1259 2532 1346 2597 prae-

125 2625 221 2707 dieat,
244 2634 281 2689 ut
302 2646 421 2711 ponere
444 2625 613 2710 possimus,
632 2622 869 2710 Xenophanem
885 2644 1003 2687 numen
1019 2624 1163 2687 divinum
1179 2640 1348 2710 personam

128 2749 199 2802 esse
229 2739 438 2802 existimasse.
490 2735 642 2821 Sequitur
670 2735 745 2799 inde
774 2746 810 2799 ut
838 2731 965 2799 divinus
995 2735 1107 2800 mundi
1135 2735 1214 2800 ordo
1247 2733 1346 2798 locum

130 2850 249 2914 habere
271 2873 335 2915 non
357 2849 582 2935 possitneque
605 2847 789 2932 benignitas
813 2846 866 2910 dei
888 2870 991 2932 neque
1008 2848 1152 2935 justitia,
1182 2856 1281 2931 atque
1302 2845 1348 2908 vis

127 2961 198 3043 illa,
228 2984 324 3048 quam
348 2962 400 3025 dei
422 2961 585 3048 propriam
615 2958 836 3047 Xenophanes
858 2959 1042 3045 praedicat3
1071 2982 1109 3024 ea
1131 2968 1197 3040 est,
1227 2959 1264 3022 in
1286 2979 1346 3042 qua

127 3097 217 3138 mens
240 3082 273 3163 et
294 3075 376 3139 ratio
400 3073 599 3138 desideretur
621 3082 653 3137 et
667 3095 765 3158 quem
780 3069 1001 3136 mechanicam
1017 3072 1202 3137 dixerimus.
1241 3067 1350 3135 Facile

129 3185 316 3271 intelligitur
337 3186 383 3250 illi
402 3186 525 3278 numini
548 3206 658 3249 omnes
680 3208 735 3249 eas
751 3185 886 3250 virtutes
902 3184 1024 3266 deesse,
1045 3207 1125 3270 quas
1140 3183 1241 3266 vulgo
1256 3181 1350 3247 theis-

130 3322 201 3363 mus
224 3299 284 3364 deo
307 3298 437 3363 tribuat.
480 3297 532 3362 Ita
553 3297 658 3362 inanis
680 3297 808 3363 videtur
831 3298 882 3363 dei
904 3300 1002 3378 notio,
1023 3319 1119 3382 quam
1132 3295 1354 3382 Xenophanes

130 3411 289 3499 repperit,
325 3409 477 3503 utnulla
498 3410 617 3490 virtus,
655 3409 776 3474 nullum
800 3410 940 3475 officium
963 3408 1005 3475 ad
1028 3431 1099 3474 eam
1121 3408 1245 3490 referri,
1268 3403 1353 3471 nullo

132 3522 228 3587 modo
250 3544 355 3588 mores
375 3545 415 3588 ea
436 3522 630 3588 conformari
651 3523 784 3609 possint.

218 3664 351 3730 Planius
374 3662 470 3728 etiam
490 3659 710 3747 Xenophanes
732 3661 873 3726 ostendit
894 3660 1056 3726 hominem
1085 3657 1173 3722 nulla
1200 3656 1357 3741 religione

133 3801 206 3844 eum
229 3776 289 3842 deo
311 3777 517 3862 conjunctum
539 3795 609 3836 esse
630 3773 664 3836 in
687 3773 790 3839 effatis
813 3774 879 3838 suis
895 3773 936 3837 de
951 3773 1156 3850 divinatione,
1178 3770 1219 3834 de
1233 3769 1357 3834 Leuco-

133 3894 229 3958 theae
250 3889 348 3972 cultu,
371 3886 411 3951 de
430 3886 670 3976 jurejurando.
720 3886 962 3950 Divinatione-m
985 3882 1128 3949 funditus
1151 3881 1283 3946 sustulit
1295 3881 1360 3960 **),

135 4074 343 4088 -——--—u-—

206 4154 230 4222 ¹³)
264 4155 320 4204 Καὶ
339 4148 446 4219 ἡψυχὴ
466 4149 584 4214 πνεῦμα.
614 4144 698 4214 Diog.
718 4142 814 4197 baert.
831 4142 880 4196 lX.
901 4144 942 4196 19.

189 4249 228 4310 **)
263 4238 319 4294 cie
339 4237 367 4290 d
384 4235 448 4289 Div
468 4234 489 4290 Ι,
508 4235 532 4288 3.
553 4234 584 4288 5:
624 4229 862 4300 Philosophorum
890 4245 955 4282 vero
984 4224 1201 4296 exquisitissima
1220 4223 1360 4292 quaedam

137 4333 305 4400 argumenta
324 4340 374 4377 cur
391 4327 466 4377 esset
483 4336 551 4374 vera
570 4318 705 4373 divinatio
730 4317 849 4372 collecta
873 4322 946 4381 sunt,
966 4313 1102 4385 equibus
1122 4318 1154 4364 ut
1171 4310 1206 4364 de
1225 4309 1362 4378 antiquis-

133 4416 213 4471 simis
231 4415 332 4485 loquar
350 4407 540 4479 Colophonius
558 4404 758 4475 Xenophanes,
782 4421 855 4459 unus
876 4403 923 4473 qui
942 4403 1010 4458 deos
1028 4415 1090 4454 esse
1107 4399 1235 4452 crederet
1252 4396 1363 4450 divina-

137 4505 241 4558 tionem
258 4498 385 4555 funditus
404 4495 523 4551 sustulit.
