2910 4994
617 255 830 325 „23-

111 447 214 514 eaque
235 450 274 499 re.
294 427 448 508 ostendit,
481 425 578 489 deum
608 445 683 489 cum
714 425 899 493 horninibus
915 429 1200 497 :consuetudinem
1217 430 1338 495 hahere

109 541 239 609 nullam.
734 602 737 607 .

199 653 286 735 Quid
310 653 350 717 de
373 651 481 716 divino
505 650 593 716 cultu
626 653 788 717 censuerit
820 661 851 717 et
885 651 1046 738 quomodo
1080 650 1226 719 homines
1260 674 1338 738 erga

111 767 208 834 deum
232 789 265 831 se
286 787 398 850 gerere
420 762 573 843 voluerit,
606 766 640 828 in
669 762 723 828 illo
753 763 989 846 manifestavit,
1021 764 1109 849 quod
1132 765 1220 852 apud
1239 764 1338 832 Arist

110 879 202 970 Rhet.
230 878 272 945 ΙΙ.
303 878 354 944 23.
376 902 406 963 p.
428 875 490 941 447
516 875 551 943 Ο.
582 876 733 960 legimus:
766 868 971 963 ,Ξενοφάνης
998 867 1166 950 Ἐλεοὶταις
1196 874 1340 959 ἐρωτῶσι

110 995 139 1055 εὶ
165 983 312 1056 θύσουσι
343 987 384 1078 τῇ
413 989 597 1071 Λευκοθέᾳ
626 990 681 1052 καὶ
709 982 942 1071 darmannum
970 978 1075 1070 ἢμὴ,
1112 984 1341 1070 συνεβούλευεν

109 1104 213 1186 εἰμὲν
227 1096 312 1167 θεὸν
336 1091 615 1184 ὑπολαμβάνουσι
628 1093 675 1184 μὴ
691 1101 846 1184 donario,
863 1103 891 1163 εὶ
911 1093 941 1163 δ’
969 1091 1157 1183 ἄνθρωπον
1170 1093 1218 1183 μὴ
1228 1093 1339 1163 θύειν.

111 1213 234 1285 Graeci
253 1236 327 1278 cnm
350 1213 411 1277 diis
434 1213 501 1277 suis
523 1212 658 1277 multum
679 1221 855 1292 versantes,
877 1220 1013 1277 naturae
1027 1214 1207 1277 convenire
1228 1213 1338 1298 opina·

111 1327 243 1408 bantur,
271 1336 366 1390 uteo
389 1325 488 1389 animi
511 1323 690 1389 affectu-ad
715 1323 817 1389 deum·
833 1321 972 1409 aliquem
994 1325 1184 1389 accederent
1204 1346 1340 1410 eumque

112 1439 262 1519 colerent,
284 1440 340 1524 qui
362 1439 430 1521 ejus
453 1438 603 1522 proprius
626 1445 730 1502 esset..
751 1435 803 1529 ‘ld
826 1436 908 1501 eninr
933 1436 1067 1522 quisque
1091 1436 1257 1518 sentiebat,
1287 1458 1340 1500 ne-

112 1572 203 1616 cesse
227 1572 310 1632 esse,
334 1559 369 1615 ut
389 1549 473 1613 inter
494 1570 530 1612 se
552 1558 584 1612 et
604 1548 717 1630 deum,
748 1571 769 1612 a
790 1571 855 1634 quo
876 1547 1033 1613 auxilium
1056 1559 1088 1613 et
1109 1551 1340 1613 recreationem

113 1671 315 1747 expectaret,
347 1663 445 1725 animi
476 1661 607 1746 quidam
634 1669 809 1726 concentus
836 1671 923 1725 esset
945 1671 1041 1746 atque
1063 1684 1247 1728 consensus.
1289 1660 1341 1725 Ita

111 1775 278 1839 Bacchum
307 1773 427 1857 gaudio
460 1772 612 1838 colebant
646 1772 832 1859 laetitiaque
860 1783 892 1839 et
921 1773 1157 1859 voluptatibus,
1191 1772 1276 1858 quod
1307 1772 1341 1835 id

112 1888 255 1952 maxime
277 1888 407 1970 ingenio
429 1896 462 1950 et
484 1885 627 1950 moribus
649 1885 734 1949 illius
757 1886 808 1950 dei
832 1895 942 1971 aptum
965 1887 1182 1972 opinarentur,
1204 1884 1340 1950 Inonem

113 2002 182 2064 sive
204 1999 424 2064 Leucotheam
455 2007 561 2062 autem
592 1997 741 2063 cantibus
770 1998 978 2082 lugubribus,
1012 1998 1098 2082 quod
1120 1998 1217 2079 illam,
1239 1998 1340 2062 variis

113 2112 243 2177 casibus
266 2113 430 2197 jactatam,
452 2110 633 2174 maestitiae
655 2109 776 2196 aliquid
796 2109 914 2175 habere
937 2120 1097 2196 putarent.
1134 2111 1242 2192 Quam
1256 2109 1339 2174 Leu-

111 2224 261 2291 cotheam
285 2233 391 2288 utrum
414 2223 533 2288 usitato
555 2244 644 2286 more
666 2246 709 2286 an
730 2244 797 2287 non
820 2221 961 2287 colerent
976 2222 1099 2287 Eleatis
1114 2223 1341 2306 interroganti·

113 2337 175 2402 bus
198 2339 244 2403 ita
258 2336 426 2422 respondit
441 2334 662 2421 Xenophanis,
689 2343 725 2398 ut
747 2336 825 2400 satis
846 2345 956 2420 aperte
983 2334 1161 2399 ostendisse
1182 2332 1341 2416 videatur,

112 2473 178 2516 non
211 2471 342 2514 necesse
365 2447 427 2513 sibi
449 2447 566 2526 videri,
592 2455 628 2510 ut
650 2447 757 2512 artior.
770 2447 953 2534 conjunctio
976 2447 1160 2512 hominibus
1183 2469 1257 2510 cum
1279 2446 1340 2510 diis

109 2562 340 2642 intercederet,
377 2572 412 2625 ut
440 2560 485 2624 dii
512 2559 612 2624 animi
647 2556 815 2624 affectibus
850 2562 918 2625 sive
954 2560 1084 2645 pietatis
1124 2561 1225 2643 signis
1255 2557 1339 2623 cole·

109 2681 226 2738 rentur
238 2672 281 2758 ³¹⁸)

201 2785 351 2871 Denique
372 2783 413 2848 de
435 2783 660 2870 jurejurando*
677 2782 851 2869 aliquando
884 2783 1071 2869 disputans,
1102 2785 1239 2871 jurando
1269 2805 1340 2848 sen-

107 2899 248 2964 tentiam
272 2897 432 2962 affirmare
455 2897 564 2976 vetuit,
593 2918 657 2960 non
687 2917 750 2980 quo
774 2895 906 2959 deorum
928 2897 1083 2962 sanctitas
1105 2897 1341 2983 profanaretur,

107 3011 173 3077 sed
195 3013 271 3096 quia
292 3009 426 3075 honesto
448 3010 517 3073 viro
539 3008 709 3092 indignum
731 3016 825 3088 esset,
852 3030 926 3072 cum
949 3009 1095 3095 improbo
1112 3009 1340 3097 jusjurandum

109 3126 143 3190 ei
167 3123 330 3188 deferente
353 3121 551 3203 contrahere,
573 3144 638 3185 non
660 3143 724 3206 quo
740 3120 820 3184 deus
837 3121 1050 3207 jurejurando
1068 3121 1258 3204 laederetur,
1283 3123 1340 3187 sed

110 3239 191 3323 quia
214 3235 309 3299 homo
327 3236 434 3320 justus
458 3234 499 3300 ab
522 3235 641 3320 injusto
668 3234 877 3320 deciperetur.
922 3233 973 3298 Ita
997 3234 1211 3322 jurisjurandi
1231 3236 1338 3320 gravi·

108 3358 214 3415 tatem
237 3371 302 3412 non
325 3345 368 3410 ad
389 3345 485 3410 deum
508 3345 564 3410 sed
587 3345 629 3410 ad
652 3345 812 3411 hominem
834 3347 931 3413 refert
947 3348 1026 3433 ’¹⁸³1‘).¹

200 3460 239 3524 In
261 3458 489 3546 jurejurando
511 3469 619 3523 autem
642 3459 693 3522 dei
716 3459 874 3524 rationem
895 3459 1015 3524 habere
1036 3461 1194 3543 omittens,
1217 3458 1339 3525 nullum

113 3573 246 3639 omnino
270 3571 409 3636 officium
432 3570 475 3634 ad
498 3570 593 3635 deum
618 3569 766 3634 retulisse
788 3571 923 3636 videtur.

202 3683 363 3768 Religioni
383 3683 492 3766 igitur,
514 3705 611 3768 quam
623 3681 823 3764 Stoicismus,
839 3683 1063 3770 Spinonisnrus
1077 3683 1129 3748 vel
1151 3684 1256 3748 omnis
1272 3683 1340 3747 fere

110 3798 272 3863 theismus
295 3795 402 3878 efficit,
425 3797 458 3858 in
470 3794 682 3881 Xenophanis
705 3795 745 3860 de
768 3818 891 3860 summo
915 3796 1045 3860 numine
1073 3796 1224 3882 opinione
1252 3795 1339 3859 locus

111 3932 179 3975 non
203 3919 259 3974 est.
344 3948 347 3953 -
956 3887 958 3891 ¹
1301 3886 1303 3890 ι

204 4021 295 4085 Haec
318 4022 415 4084 etiam
437 4041 536 4082 causa
559 4019 658 4082 tuisse
679 4019 772 4084 nobis
786 4020 925 4101 videtur,
947 4042 1004 4083 cur
1027 4020 1098 4104 jam
1117 4030 1242 4085 veteres
1265 4021 1340 4084 scri·

186 4228 211 4295 ²¹⁴)
248 4224 391 4296 Siquidem
411 4224 541 4295 ponimus
563 4223 768 4294 Xenophanem
787 4223 862 4293 quod
883 4224 918 4276 de
932 4222 1092 4276 Leucothea
1111 4223 1211 4276 dixerit
1229 4221 1340 4275 omnino

113 4318 151 4370 de
172 4330 279 4367 summo
297 4311 410 4366 numine
429 4312 523 4364 dicere
541 4311 672 4366 voluisse.
975 4353 976 4356 ι

186 4401 226 4468 **)
260 4399 384 4454 Tantum
401 4404 494 4452 autem
515 4399 604 4468 abest,
622 4407 653 4455 nt
673 4400 756 4453 deum
780 4395 931 4449 sanctitate
958 4412 1053 4450 carere
1080 4395 1288 4462 existimaverit,
1312 4402 1342 4448 ut

111 4506 181 4544 eum
200 4488 241 4541 ita
258 4503 345 4557 supra
363 4485 490 4540 homines
508 4485 612 4541 elatum
629 4483 772 4540 censuerit
787 4490 820 4538 ut
836 4481 946 4552 injuriis
964 4499 1060 4537 eorum
1078 4483 1152 4535 laedi
1169 4499 1227 4538 non
1239 4488 1343 4552 posset.
