2910 4994
569 251 782 318 ..31-

52 445 144 506 care,
166 423 265 489 atad
288 423 389 489 solam
411 424 511 488 animi
533 432 683 488 naturam
707 424 816 489 omnia
847 423 981 488 consilia
1003 432 1035 488 et
1067 423 1154 489 facta
1188 424 1286 489 refer-

54 543 181 602 rentur.
225 536 372 622 Namque
395 559 491 622 quum
515 535 634 602 Graeci
656 559 721 601 non
744 535 847 600 solum
870 537 992 623 ingenii
1015 536 1163 601 ubertate
1187 535 1286 602 abun·

55 647 183 729 darent,
207 648 382 734 sedetiam
406 650 549 736 corporis
564 648 738 712 virtutibus
751 648 963 734 splenderent,
987 647 1082 713 facile
1104 649 1231 728 accidit,
1253 659 1289 713 ut

54 759 110 824 vel
134 762 272 848 optimus
295 762 428 847 quisque
444 759 655 847 voluptatum,
678 771 814 826 venusta
837 763 943 848 specie
966 760 1198 840 excellentium,
1222 770 1287 824 stu-

57 871 114 937 dio
137 882 299 937 teneretur
321 883 417 959 atque
440 873 666 959 comparandis
689 874 832 958 corporis
855 873 1028 938 virtutibus
1064 873 1288 958 acquiesceret.

57 983 135 1047 Huc
156 985 290 1066 accedit,
312 986 397 1070 quod
419 993 543 1049 tantum
567 984 691 1065 aberat,
711 994 748 1048 ut
768 985 988 1071 voluptatibus
1010 984 1074 1048 illis
1090 983 1287 1048 Graecorum

56 1098 160 1161 animi
180 1097 365 1185 simpliciter
386 1096 643 1183 profligarentur,
665 1107 710 1179 ut,
743 1098 786 1162 ad
809 1118 955 1163 summae
977 1098 1029 1164 vel
1050 1102 1194 1184 corporis
1216 1119 1287 1183 per-

55 1208 206 1274 fectionis
244 1210 382 1296 speciem
419 1209 511 1290 enisi,
547 1209 635 1273 nullo
656 1208 745 1274 vitae
775 1210 890 1276 decore
911 1220 944 1274 et
966 1218 1157 1275 ornamento
1178 1230 1288 1272 carere

56 1320 253 1386 viderentur.

145 1433 191 1498 Ut
214 1435 299 1498 enim
320 1433 373 1497 vel
396 1432 546 1508 Socrates
568 1435 638 1520 ipse
660 1455 734 1498 cum
754 1432 924 1519 discipulis
952 1434 1030 1510 suis,
1067 1432 1159 1498 salva
1190 1431 1288 1498 hone-

59 1553 152 1625 state,
175 1547 351 1611 amicarum
364 1545 629 1612 consuetudinem
647 1569 712 1611 non
723 1567 855 1632 prorsus
870 1545 1098 1610 contemnebat
1111 1566 1216 1630 neque
1232 1567 1286 1630 po-

9 1666 12 1673 '
56 1655 139 1721 culis
161 1659 269 1722 minus
290 1657 382 1723 fortis
405 1667 475 1723 erat
496 1679 593 1745 quarn
617 1660 729 1723 armisz
755 1659 802 1722 ita
816 1657 898 1723 alius
914 1659 1059 1744 quisque,
1081 1659 1230 1745 quamvis
1246 1657 1288 1722 ad

58 1791 220 1835 summum
242 1769 392 1857 qnodque
413 1771 629 1858 appetendum
653 1773 836 1852 eniteretur,
861 1770 991 1835 deorum
1014 1770 1161 1858 exemplo
1184 1769 1289 1856 pellici

10 1964 12 1971 Ι
57 1881 181 1966 potuit,
217 1892 253 1946 nt
273 1885 374 1948 vitam
396 1883 500 1948 levem
522 1883 655 1968 degeret
676 1892 708 1948 et
736 1882 908 1965 lascivam,
945 1882 1152 1947 nihilominus
1182 1893 1289 1947 autern

10 2008 17 2085 q
59 1994 240 2058 venustatis
276 2004 309 2060 et
344 1994 525 2079 elegantiae
562 1995 705 2083 plenam,
742 2006 774 2060 et
812 2017 896 2082 quae
932 1993 1110 2060 honestatis
1148 1995 1288 2082 speciem

10 2092 15 2135 l
58 2105 240 2191 praeberet.

147 2217 223 2300 Qua
259 2219 366 2306 specie
402 2229 573 2307 perspecta
609 2241 708 2307 quum
746 2218 1032 2285 animadvertisset
1068 2218 1289 2304 Xenophanes

10 2310 12 2317 Ι
57 2331 276 2416 corruptelam
298 2354 423 2397 morum
444 2332 506 2397 sub
529 2332 706 2398 honestatis
735 2335 842 2418 specie
871 2331 1040 2413 latentem,
1068 2330 1290 2416 voluptatibus

58 2443 126 2528 jam
149 2466 214 2509 non
239 2443 343 2532 decipi
364 2444 477 2530 potuit,
501 2444 558 2509 sed
580 2446 701 2510 eversis
723 2443 895 2509 fallacibus
916 2443 1045 2508 virtutis
1067 2443 1152 2508 illius
1174 2443 1288 2508 funda-

58 2556 178 2620 mentis
202 2556 236 2619 id
257 2558 340 2639 egit,
362 2567 397 2621 ut
418 2559 506 2622 vitae
527 2559 668 2636 rationes
692 2558 887 2642 exquireret,
911 2577 994 2642 qnae
1016 2555 1145 2623 homine
1166 2555 1295 2640 dignis*

53 2688 109 2732 res
135 2678 250 2735 essent.
294 2669 423 2750 Quibus
454 2669 487 2733 in
510 2670 717 2754 exquirendis
740 2693 780 2734 ea
801 2670 986 2735 constantia
1008 2679 1086 2750 erat,
1108 2678 1153 2749 ut,
1176 2688 1287 2754 quam-

56 2781 110 2844 vis
133 2778 173 2844 de
196 2780 355 2845 humanae
378 2782 496 2846 mentis
517 2774 713 2863 infirmitate,
735 2782 821 2868 quod
843 2781 885 2845 ad
907 2780 1166 2865 cognoscendam
1177 2802 1289 2845 veram

54 2911 170 2954 rerum
189 2902 337 2957 naturam
358 2914 423 2958 non
446 2893 623 2975 sufficeret,
653 2894 853 2981 desperaret,
885 2903 994 2958 tamen
1018 2892 1058 2956 de
1081 2892 1218 2957 hominis
1241 2892 1288 2956 di-

52 3003 186 3088 gnitate
223 3026 288 3069 non
322 3004 495 3085 dubitaret,
531 3005 589 3069 scd
617 3006 754 3070 eandem
776 3005 955 3070 observans
976 3013 1009 3069 et
1030 3004 1138 3069 colens
1160 3004 1289 3070 virtutis

50 3135 194 3178 caueam
216 3125 249 3179 et
269 3117 365 3181 tinem
389 3117 548 3204 reperisse
571 3141 607 3182 se
637 3118 846 3200 existimaret,
883 3117 1073 3203 largumque
1106 3118 1195 3199 satis,
1228 3108 1288 3181 etsi

53 3248 129 3291 non
150 3223 240 3291 illum
262 3250 356 3314 quem
380 3240 608 3319 exspectasset,
641 3233 780 3295 fructum
813 3252 854 3294 ex
887 3230 1092 3317 philosophia
1123 3230 1289 3317 percipere

52 3346 179 3426 posset

147 3449 272 3515 Eadem
288 3464 394 3518 autem
410 3452 602 3536 constantia,
621 3475 686 3539 qua
701 3455 734 3517 in
749 3452 971 3543 philosophiae
987 3453 1093 3519 studio
1107 3454 1251 3519 animum
1267 3476 1287 3518 a

55 3561 212 3627 sensibus
236 3575 439 3648 avocaverat,
462 3565 504 3631 ad
527 3565 742 3653 appetendam
768 3566 919 3633 virtutem
948 3565 1103 3646 adhibita,
1124 3566 1193 3637 ficri
1221 3587 1288 3634 non

54 3674 177 3761 potuit,
200 3675 277 3761 quin
300 3677 532 3765 adipisceretur
554 3677 641 3764 quod
663 3677 830 3742 honestum
853 3699 924 3743 esse
944 3678 1159 3763 cognovisset.

147 3784 340 3853 Omittcntes
363 3801 471 3855 autem
493 3790 672 3874 exquirere,
694 3789 812 3876 quibus
825 3790 921 3854 diam
937 3789 1177 3855 infirmitatibus
1189 3811 1288 3875 quum

56 3899 168 3965 omnis
189 3922 313 3964 morum
334 3902 514 3988 disciplina,
536 3926 602 3967 non
617 3904 761 3989 profecta
783 3902 845 3966 nisi
860 3900 903 3966 ab
924 3901 1061 3966 hominis
1072 3912 1197 3986 natura,
1219 3912 1287 3967 tum

46 4012 160 4097 ,etiam
174 4011 239 4094 illa,
262 4034 359 4098 quam
375 4016 487 4079 statuit
498 4013 727 4102 Xenophanes,
741 4014 875 4097 laboret,
891 4013 1057 4079 videamus
1072 4017 1189 4102 potius,
1204 4037 1288 4101 qnae

56 4125 145 4190 ratio
168 4122 380 4210 Xenophanis
404 4126 443 4190 de
466 4127 609 4192 moribus
632 4129 774 4215 opinioni
797 4148 869 4189 cum
901 4128 1016 4190 aetatis
1043 4125 1130 4191 illius
1158 4129 1287 4213 ingenio

57 4237 291 4318 intercesserit,
315 4260 413 4323 quum
436 4239 469 4302 id
492 4241 597 4324 egisse
619 4239 767 4303 videatur
792 4239 1026 4327 Xenophanes,
1049 4249 1084 4305 ut
1105 4239 1286 4325 aequalium

57 4371 193 4416 suorum
216 4351 350 4430 animos,
372 4353 427 4438 qui
448 4351 545 4417 rebus
560 4352 679 4417 fictitiis
695 4350 908 4433 inhaererent,
929 4351 1091 4435 liberaret,
1113 4375 1287 4439 eorumque

59 4464 101 4529 de
122 4460 268 4526 moribus
290 4464 457 4548 opiniones
479 4466 661 4551 corrigeret.
