2910 4994
610 244 824 314 ,20-

109 429 244 506 gaturus
255 419 389 484 Homeri
400 416 548 483 omnibus
571 417 639 482 noti
660 438 752 481 usum
776 416 902 481 facilius
924 418 1080 504 receperit
1101 439 1203 503 quam
1221 420 1333 505 Pythe-

110 553 218 617 gorae,
240 532 330 617 cujus
353 529 501 594 doctrina
523 551 543 594 a
566 528 668 594 doctis
691 538 816 607 tantum
838 528 1086 614 intelligebatur.

195 644 310 729 Itaque
333 643 358 706 si
381 640 599 729 Xenophanes
624 641 757 706 vocibus
781 635 868 729 φρὴν
892 651 923 706 et
944 640 1021 718 νοῦς
1050 665 1130 707 usus
1159 642 1334 707 Homerum

110 750 238 822 secutus
266 777 337 818 esse
368 754 510 835 uidetur,
549 777 613 818 non
648 775 720 817 eam
751 755 907 819 rationem
938 755 1061 819 numini
1088 754 1202 819 divino
1238 757 1336 820 inesse

110 867 280 947 intellexit,
309 867 351 931 ad
381 889 478 952 quam
508 865 778 952 quemadmodum
813 865 913 931 Stoici
945 866 1059 930 volunt
1099 870 1208 932 omnis
1242 867 1337 932 virtus

110 981 213 1067 possit
236 978 483 1044 accommodari.
1225 1060 1229 1064 Α

149 1104 152 1109 ’
195 1091 269 1155 Janr
293 1114 368 1156 vero
402 1090 444 1154 ad
464 1090 639 1177 Spinonem
669 1087 896 1174 respiciamus,
927 1090 980 1174 qui
1013 1088 1098 1152 idem
1122 1089 1338 1175 Xenophanis

111 1227 175 1269 uon
200 1202 371 1284 dissimilis,
396 1225 492 1290 saepe
509 1204 578 1289 jam
603 1224 675 1264 cum
704 1223 741 1265 co
765 1211 969 1288 comparatus
992 1210 1041 1267 est
1053 1202 1097 1288 a),
1143 1201 1257 1266 Etiam
1273 1201 1338 1290 Spi-

112 1340 195 1382 noza
218 1317 345 1381 omissis
367 1315 532 1398 religionis
556 1337 633 1378 suae
664 1314 825 1377 mosaicae
854 1313 1117 1391 auctoritatibus,
1148 1313 1232 1378 nihil
1263 1313 1340 1378 chri-

112 1431 237 1493 stianae
260 1429 425 1518 roligionis
447 1428 619 1514 accipiens,
642 1427 714 1513 ipsa
735 1448 769 1490 re
792 1436 824 1489 et
845 1426 970 1489 ratione
986 1425 1155 1490 veritatem
1171 1427 1340 1512 exquirere

111 1541 243 1607 studuit.
289 1541 441 1604 Animum
472 1561 565 1603 suum
597 1560 616 1601 a
648 1562 682 1603 se
710 1541 780 1626 ipso
812 1537 1020 1602 dissidentem
1049 1538 1083 1600 in
1115 1537 1339 1616 desiderando,

111 1653 258 1733 volendo,
281 1651 428 1717 debendo
440 1651 648 1736 tranquillare
669 1653 821 1735 gestiens,
843 1651 917 1715 illuc
940 1673 974 1714 se
994 1648 1139 1714 attollere
1150 1651 1264 1738 cupiit,
1287 1649 1337 1713 ubi

112 1776 280 1831 aeternum
302 1765 380 1828 illud
403 1764 535 1829 humani
567 1763 666 1827 animi
700 1762 868 1856 discidium
905 1761 1150 1847 dissolveretur,
1182 1766 1336 1827 summus·

111 1901 173 1965 que
200 1879 299 1941 animi
321 1878 497 1941 motionum
522 1885 696 1940 concentus
719 1885 815 1960 atque
837 1897 1012 1940 consensus
1035 1885 1289 1963 compararetur.

198 1989 419 2054 Substantiam
442 1988 606 2074 quandam
628 2009 750 2075 ponens
776 1985 953 2051 libertatern
970 1987 1058 2052 illam
1086 1989 1248 2074 reperisse
1280 1984 1336 2049 sibi

112 2117 202 2167 vtsus
221 2082 283 2182 est,
305 2123 379 2186 qua,
402 2121 631 2187 quaecumque·
645 2101 805 2165 contraria
827 2101 910 2164 inter
933 2122 966 2164 se
989 2110 1096 2164 essent
1117 2101 1151 2163 in
1174 2097 1337 2164 hominum

114 2215 239 2296 animis,
263 2213 304 2278 ad
327 2213 442 2278 beatae
464 2198 595 2276 unitatis
615 2213 772 2276 rationem
795 2213 1030 2278 reducerentur.
1064 2210 1172 2275 Deum
1191 2206 1337 2298 *appella-

114 2326 162 2392 vit
179 2324 268 2389 illam
291 2325 514 2408 substantiam,
537 2347 635 2411 quam
657 2323 787 2389 extendi
802 2334 835 2389 et
849 2327 992 2408 cogitare
1007 2324 1216 2412 praedicavit.
1252 2323 1336 2387 Men-

114 2447 178 2503 tem
204 2437 377 2503 humanam
394 2459 464 2502 esse
479 2447 603 2525 partem
618 2437 735 2500 infiniti
749 2436 927 2501 intellectus
944 2436 1073 2524 dsi**);
1089 2436 1337 2521 deicognitione

117 2550 277 2614 hominem
300 2571 378 2613 cum,
396 2548 455 2614 deo
477 2550 523 2614 ita
545 2552 579 2614 in
601 2573 700 2614 unum
730 2549 831 2631 coire,
860 2560 896 2613 ut
923 2551 1072 2617 voluntas
1101 2559 1133 2615 et
1153 2549 1338 2614 intellectus

119 2665 186 2749 ejus
210 2685 383 2748 numquam
407 2683 428 2725 a
451 2684 484 2726 se
507 2661 796 2748 dissentiant***).
838 2661 1007 2747 *Quidquid
1039 2662 1161 2727 bonum
1185 2671 1339 2746 agnoscat

117 2774 314 2849 intellectus,
343 2773 502 2841 voluntati
532 2784 684 2861 appetere
711 2797 843 2839 necesse
873 2794 958 2857 esse,
993 2775 1088 2838 deum
1119 2775 1186 2839 suis
1216 2774 1340 2859 legibus

116 2886 299 2971 gubernare
320 2887 489 2966 hominem,
512 2887 560 2950 ita
587 2896 622 2949 ut
650 2886 759 2951 homo.
775 2887 882 2950 lacere
898 2909 968 2950 non
997 2888 1116 2973 possit,
1151 2887 1229 2974 quin
1261 2887 1341 2952 bene

116 3008 205 3083 agas,
293 3038 296 3044 ·

150 3177 152 3181 ,
203 3109 314 3175 Facile
329 3109 526 3194 intelligitur,
549 3109 741 3175 mechanica*
749 3109 811 3174 hac
825 3112 949 3177 ratione
961 3112 1112 3175 virtutem
1127 3111 1222 3195 effici,
1246 3133 1343 3198 quum

119 3246 243 3288 morum
266 3222 436 3309 disciplina
458 3232 592 3287 naturae
615 3215 741 3307 legibus
764 3224 973 3288 contineatur.

207 3425 234 3488 a)
269 3421 439 3499 Retsssyle,
458 3421 523 3474 dict.
542 3420 606 3474 hist.
626 3429 655 3474 ct
673 3421 733 3475 crit.
752 3423 913 3492 (Xenoph.):
939 3422 963 3475 Il
984 3423 1060 3476 avait
1077 3440 1124 3475 sur
1142 3421 1172 3475 la
1189 3429 1294 3479 nature
1313 3424 1346 3478 dc

121 3511 185 3564 (lieu
206 3526 259 3563 une
279 3509 403 3579 opinion,
425 3507 473 3579 qui
491 3513 562 3561 n'cst
579 3507 666 3577 gudre
683 3508 831 3563 differente
850 3510 885 3563 de
903 3509 1085 3581 Spinozisme.

190 3599 216 3652 J.
236 3596 270 3652 G.
291 3596 393 3650 Bubie:
427 3597 470 3648 De
491 3603 555 3650 ortu
573 3601 601 3647 et
617 3611 770 3665 progressu
789 3595 958 3665 pantheismi
976 3597 1042 3650 inde
1061 3614 1078 3649 a
1095 3595 1276 3664 Xenophane
1296 3601 1348 3651 etc.

120 3686 148 3738 in
166 3685 329 3759 comnena
355 3700 410 3737 soc.
437 3700 494 3753 reg.
519 3683 614 3736 scient
635 3681 761 3754 Gotting.
782 3683 818 3738 X.
837 3701 864 3752 p.
883 3686 929 3738 16:
966 3683 1049 3752 „dam
1070 3699 1135 3736 vero
1152 3681 1348 3736 Eleaticorum

124 3772 270 3841 opiniones
291 3790 307 3822 a
325 3769 499 3839 Spinosismo
518 3768 622 3821 distare
640 3769 750 3825 etiamsi
765 3776 842 3834 ¹recte
861 3773 1025 3838 contendas,
1042 3775 1138 3822 manet
1154 3775 1252 3823 tamen
1271 3768 1348 3840 quod

120 3866 204 3912 antea
223 3859 355 3926 diximus,
388 3855 536 3926 Spinonem
561 3873 626 3909 cum
643 3856 698 3908 illis
717 3874 772 3911 non
792 3857 879 3912 solum
900 3857 936 3910 ab
957 3873 1013 3910 uno
1032 3856 1187 3926 eodemque
1205 3856 1348 3928 principio

120 3946 229 4013 exiisse,
249 3945 297 3997 sed
316 3942 469 3997 tetendisse
488 3942 572 3995 etiam
591 3945 796 4014 quodammodo
815 3945 851 3996 ad
873 3961 955 3997 unam
975 3943 1149 4013 eandemque
1167 3947 1304 3997 metam.“

194 4031 243 4100 aa)
278 4031 400 4085 Nostrae
421 4030 520 4082 mentis
539 4029 661 4084 essentia
679 4029 708 4082 in
727 4031 787 4085 sola
805 4031 964 4101 cognitione
984 4034 1101 4094 constat,
1122 4031 1202 4100 cujus
1224 4038 1253 4085 et
1273 4032 1347 4102 prin-

120 4120 223 4189 cipium
242 4124 269 4171 et
286 4117 501 4171 fundamentum
521 4116 589 4169 deus
609 4123 660 4170 est..
696 4116 760 4169 Eth.
778 4117 829 4173 lV.
848 4135 912 4188 opp.
932 4118 990 4172 101.

189 4205 269 4258 Mens
288 4203 411 4273 humana
429 4209 472 4258 est
488 4219 554 4274 pars
574 4201 674 4256 infiniti
696 4204 855 4258 intellectus
876 4205 929 4259 dei.
961 4203 1024 4258 Eth.
1043 4202 1078 4257 Π.
1097 4221 1124 4272 p.
1143 4203 1185 4256 50.

190 4291 256 4360 aee)
293 4290 436 4344 Summum
455 4291 554 4343 mentis
575 4290 678 4343 bouum
698 4297 741 4344 est
760 4290 804 4344 dei
826 4291 949 4361 cognitio
968 4297 996 4354 et
1014 4307 1123 4345 summa
1142 4291 1243 4344 mentis
1258 4292 1347 4346 virtus

120 4387 161 4432 est
181 4379 262 4432 deum
281 4395 459 4450 cognoscere.
496 4377 560 4430 Eth.
578 4394 656 4447 prop.
674 4378 716 4432 28.
734 4397 761 4447 p.
781 4381 839 4433 184.

189 4464 330 4543 Voluntas
348 4473 378 4520 et
395 4464 557 4523 intellectus
576 4480 662 4518 unum
681 4471 746 4518 sunt
763 4480 797 4518 ac
814 4463 897 4519 idem.
937 4464 1002 4518 Eth.
1021 4464 1056 4519 11.
1074 4483 1101 4536 p.
1119 4466 1161 4520 87.
