2910 4994
561 270 691 361 ..¹27
738 312 769 322 ,.

53 445 168 528 parari
191 445 255 508 nisi
276 446 450 530 sapientiat
487 444 664 508 cementis
687 441 931 523 exercitatione,
966 460 1033 526 qua
1056 443 1182 507 animus
1205 442 1286 507 adeo

55 555 242 632 erudiatur,
272 567 308 621 ut
337 556 416 643 quid
443 556 562 620 bonum
586 556 628 619 sit
651 565 748 640 atque
770 552 941 618 honestum·
960 555 1138 640 perspiciat
1157 576 1287 642 perspe-

55 676 210 753 ctumque
231 677 370 756 appetat.
404 668 570 734 Honorem
593 669 646 754 qui
669 668 797 752 corpori
817 675 943 730 tantum
966 664 1127 753 tribuatur
1147 686 1285 732 nonre-

56 800 130 843 ram
151 779 290 844 hominis
312 790 459 844 naturam
482 790 626 864 tangere,
648 780 830 863 graviorem
853 779 937 841 enim
960 787 992 841 et
1013 777 1175 844 meliorem
1186 778 1287 844 horni-

57 894 109 955 nis
132 901 258 978 partem
281 915 352 958 esse
376 894 527 958 animum.

147 1002 264 1069 Graeci
293 1004 420 1092 quidem
452 1003 556 1069 robur
584 1014 771 1089 ceterasque
802 1001 946 1087 'eorporis
969 1002 1103 1065 virtutes
1137 1000 1289 1066 honestas

57 1116 339 1197 existimaverunt,
376 1136 486 1202 quum·
503 1152 537 1167 «-
562 1117 704 1181 Homero
746 1111 916 1188 auctore*)
939 1140 982 1161 -·
1001 1133 1115 1179 veram
1149 1113 1288 1179 hominis

10 1262 13 1267 ·
58 1237 210 1292 naturam
232 1248 350 1315 eorpus
373 1251 443 1293 esse
467 1230 685 1316 opinarentur,
708 1217 928 1313 Xenophanes
950 1235 1066 1306 autem,
1099 1246 1198 1311 quum
1221 1227 1289 1290 ani-

10 1386 30 1423 ,
58 1360 149 1403 mum
172 1362 264 1405 suum
284 1341 382 1425 longa
405 1342 634 1406 exercitatione
656 1341 828 1405 erudiisset
849 1346 882 1401 et
896 1338 1049 1401 sensisset
1063 1338 1206 1402 animum
1221 1360 1290 1403 eor·

10 1442 23 1515 ³.
59 1453 133 1538 pori
155 1463 330 1537 praestare,
353 1452 387 1517 in
411 1457 517 1519 animo
541 1454 679 1518 bominis
703 1453 892 1536 dignitatem
914 1451 1054 1536 positam
1076 1471 1148 1514 esse
1168 1450 1290 1515 intelle-

13 1594 18 1599 ·
59 1564 126 1645 xit,
158 1565 204 1628 ita
234 1575 269 1629 ut
291 1565 429 1630 hominis
450 1576 537 1630 essct
559 1567 658 1629 animi
682 1563 854 1628 virtutibus
878 1559 1042 1625 excellere.
1087 1563 1182 1644 Quae
1205 1564 1290 1627 enim

10 1678 21 1751 i
61 1699 115 1741 res
138 1699 203 1741 non
225 1677 273 1741 ad⁴
290 1677 454 1743 meliorem
477 1674 566 1743 illam
589 1678 729 1743 hominis
752 1685 878 1764 partem
908 1674 1111 1755 referrentur,
1140 1676 1200 1739 etsi
1222 1675 1290 1762 pal-

10 1752 22 1885 ἓ·
63 1788 244 1854 chritudine
279 1789 484 1855 abundarent
523 1792 557 1854 in
594 1810 782 1875 summoque
819 1787 940 1852 honore
977 1796 1093 1869 essent,
1124 1785 1292 1855 honestate

64 1923 177 1966 carere
200 1912 231 1966 et
252 1903 504 1968 contemnendas
527 1925 606 1969 esse.

10 2002 16 2083 ἰ
63 2054 66 2061 -
150 2015 243 2096 Quae
279 2015 475 2101 contemptio
513 2014 669 2093 ludorum,
701 2013 818 2098 quibus
855 2015 960 2078 omnis
997 2036 1066 2079 mos
1094 2014 1293 2078 Graecorum

10 2110 22 2215 i
63 2125 321 2213 praeclarissime
342 2149 378 2191 se
399 2127 629 2208 manifestavit,
651 2126 835 2212 opinionem
856 2127 1020 2190 concitare
1042 2127 1153 2212 possit,
1186 2126 1293 2190 Xeno·

10 2222 18 2289 i
61 2239 202 2324 phanem
225 2260 335 2303 omnes
358 2239 540 2323 voluptates
563 2239 751 2325 simpliciter
774 2247 806 2300 et
824 2237 974 2301 'absolute
995 2237 1096 2324 rejici,
1121 2236 1201 2301 nihil
1224 2258 1292 2302 eor·

10 2294 18 2435 λ
62 2350 135 2436 puri
164 2349 324 2433 indulgeri
349 2348 497 2417 voluisse.
542 2351 709 2413 Evertitur
739 2349 793 2414 illa
818 2350 935 2437 opinio,
961 2371 1060 2435 quum
1083 2350 1171 2438 apud
1193 2348 1293 2414 Athe·
1351 2395 1354 2402 «

10 2440 13 2452 ⁵
61 2484 183 2526 neeum
197 2461 256 2541 **)
282 2462 426 2547 legetur,
461 2482 527 2547 qua
556 2461 681 2526 rationo
712 2461 832 2526 laetum
864 2463 1048 2527 convivium
1078 2463 1295 2548 descripserit.

59 2575 114 2640 Ita
137 2576 207 2661 ipse
230 2576 342 2651 sentit,
380 2596 464 2670 quae
485 2573 526 2638 de
549 2575 633 2638 veris
656 2574 689 2638 in
712 2575 863 2639 convivio
886 2574 1107 2660 voluptatibus
1130 2575 1223 2657 dicit,
1259 2583 1296 2638 ut

59 2688 145 2754 eatis
168 2698 341 2774 appareat,
378 2696 503 2751 tentum
530 2685 663 2772 abesse,
689 2698 724 2750 ut
750 2686 932 2773 voluptates
960 2687 1143 2751 convivales
1170 2706 1296 2751 morose

57 2798 301 2886 contempserit,
324 2809 360 2863 ut
382 2798 486 2863 omnis
509 2798 660 2879 convivii,
683 2820 745 2884 quo
769 2799 868 2862 animi
890 2797 933 2862 ad
955 2798 1135 2863 modestam
1157 2807 1190 2863 et
1205 2820 1295 2862 vere-

57 2911 206 2981 cundam
229 2911 386 2976 laetitiam
411 2911 600 2994 excitentur,
624 2911 865 2975 amantissimus
888 2909 987 2974 fuisse
1010 2911 1166 2976 videatur.

150 3023 203 3088 Ita
224 3024 309 3088 enirn
332 3023 375 3087 ad
397 3023 566 3086 veritatem
590 3022 773 3088 describere
796 3044 860 3086 non
888 3030 1011 3108 potest,
1048 3022 1114 3087 nisi
1142 3022 1197 3108 qui
1227 3042 1296 3086 rem

61 3155 65 3161 ι
71 3147 283 3157 W——-—

135 3194 167 3264 ὕ)
203 3193 235 3245 ll·
254 3215 280 3250 a,
300 3195 326 3248 4.
345 3212 377 3262 p,
404 3195 446 3248 21.
471 3195 513 3250 65.
541 3197 598 3250 107.
622 3195 674 3249 cfr.
693 3193 899 3264 Naegelsbach,
918 3192 992 3246 hom.
1012 3192 1111 3248 Theol.
1129 3193 1200 3250 VH:
1236 3193 1297 3247 Der

56 3279 237 3355 e'igcntlichc
255 3279 370 3333 Mensch
389 3279 426 3332 ist
446 3279 497 3333 der
514 3279 592 3334 Leib.
629 3280 729 3350 Zeiler,
749 3280 854 3334 Philos.
874 3280 901 3333 d.
919 3279 970 3334 Gn
989 3279 1011 3333 I.
1031 3297 1057 3350 p.
1072 3282 1121 3335 86:
1159 3278 1297 3334 Dissae-

56 3379 148 3426 stanz
168 3369 218 3421 des
236 3367 389 3421 Meuschen
406 3365 444 3420 ist
461 3367 511 3421 der
527 3366 609 3422 Leib.
627 3398 663 3408 -
1241 3401 1244 3406 ·

225 3456 270 3519 ³⁸³³)
304 3459 366 3507 Νῦν
383 3455 437 3524 γὰρ
456 3452 489 3521 δὴ
512 3450 634 3518 ζάπεδον
652 3455 788 3524 καθαρὸν
805 3459 854 3506 καὶ
865 3458 954 3525 χεῖρες
974 3451 1115 3505 ἁπάντων

279 3559 282 3565 ·
336 3545 393 3592 Καὶ
411 3538 524 3597 κύλικες·
543 3540 676 3597 πλεκτοὺς
695 3539 888 3611 δ’ἄμφιτιθεὶο
907 3538 1068 3610 στεφάνοισι,

296 3625 386 3683 Ἄλλος
403 3623 530 3684 d'sduides
546 3627 637 3698 μύρον
654 3633 685 3680 ἐν
703 3626 788 3701 φιάλη
808 3626 980 3697 nepotulum·

337 3713 452 3786 Κρστηρ
471 3711 496 3768 d’
514 3719 629 3780 ἕστηκεν
648 3718 749 3786 μεστὸς
768 3713 950 3785 ἐΰφροούνηι·

299 3799 385 3867 Ἄλλῳ
405 3797 428 3852 δ’
450 3800 525 3857 οἶνοι
543 3807 653 3870 ἕτοιμος
672 3799 701 3858 ds
720 3803 824 3855 οὔποτε
842 3805 910 3870 φησὶ
929 3796 1090 3871 προδώσειν

266 3935 269 3941 ,
338 3887 474 3955 Μείλιχος,
493 3893 523 3940 ἐν
541 3889 681 3959 κεράμοις,
702 3889 808 3944 ἄνθεος
827 3884 985 3958 ὀσδόμονος.

300 3975 350 4027 Ἑν
368 3973 398 4026 δὲ
415 3979 507 4043 μέσσιι
526 3974 616 4046 ἁγνὴν
635 3974 726 4043 ὄὸμνῖν
744 3973 901 4044 λιβανωτὸς
921 3973 985 4037 ἵησι·

339 4066 448 4131 Ψυχρὸν
466 4058 491 4112 δ’
506 4065 583 4115 ἐστὶν
600 4059 677 4130 ὕδωρ
696 4067 743 4115 καὶ
759 4059 843 4131 γλυκὺ
862 4065 910 4112 καὶ
928 4059 1067 4126 καθαρόν

304 4148 479 4218 Πάρκεινται
496 4145 605 4221 δ’ἅριοι
622 4148 730 4211 ξανθοὶ
747 4146 849 4220 χεγαοή
867 4168 898 4200 το
916 4143 1043 4218 τράπεζα

345 4240 434 4304 Tapori
453 4239 500 4286 καὶ
517 4232 625 4303 μέλιτος
643 4240 739 4291 πίονος
757 4233 910 4301 ἀχθομένη.

304 4322 406 4390 Βωμὸς
424 4317 570 4375 edacem
587 4321 656 4374 αὐτὸ
674 4326 761 4390 μέσον
781 4320 873 4388 πάντη
893 4317 1079 4383 aestuamus,

334 4407 436 4470 Μολπὴ
455 4405 566 4476 deicere
584 4412 639 4470 ἔχοι
652 4405 769 4468 bainam
787 4412 836 4458 καὶ
850 4405 952 4470 θαλίη,

974 4491 1040 4544 Ath.
1059 4491 1109 4544 Xl.
1129 4509 1153 4560 p.
1173 4490 1232 4545 462.
