2910 4994
697 263 910 328 ..10-

98 410 108 428 .
190 435 253 504 sub
281 436 384 503 nitida
410 434 574 518 religionis
612 435 718 521 specie
754 433 908 500 latentem
936 431 1174 520 perniciemque
1200 431 1266 496 toti
1296 430 1411 528 civitati

192 545 375 616 molientem
400 587 432 597 -
458 546 638 632 falsamque
664 567 737 611 esse
768 545 965 610 Graecorum
998 541 1185 626 religionem
1206 543 1409 628 persuasissi-

191 679 280 723 rnum
305 659 334 723 ei
358 667 435 724 erat.

280 767 394 852 ltaque
415 767 509 834 facile
530 778 580 835 est
600 767 773 848 intellectu,
794 767 979 832 contemtim
991 762 1228 851 Xenophanem
1251 765 1293 830 de
1315 763 1409 831 Grae·

192 879 238 943 eis
260 877 401 944 locutum
424 900 503 960 esse,
532 887 632 965 quum'
652 881 687 944 in
709 880 852 965 priorum
876 857 1080 963 opinionibus
1104 876 1244 959 segniter
1266 894 1408 962 perseve‘

190 998 309 1069 rantes,
331 991 470 1077 speciem
492 990 755 1072 adolescentium,
789 990 823 1052 in
844 986 975 1074 puerilis
999 988 1114 1053 aetatis
1137 986 1409 1072 legibus-aequis·

191 1102 357 1182 soentium,
378 1094 577 1188 praeberent.
612 1101 719 1182 Quum
733 1101 867 1182 videret,
882 1098 1089 1166 vetererillas
1111 1099 1294 1182 religiones,
1319 1121 1409 1165 ama·

190 1212 312 1298 juribus
336 1223 502 1300 acceptas,
523 1213 701 1279 seeundum
726 1234 828 1279 rerum
853 1220 1001 1279 naturam
1021 1211 1168 1294 integrae
1189 1218 1318 1276 tantum
1341 1233 1410 1295 gen-

191 1325 270 1387 tium
293 1325 392 1388 aetati
416 1326 657 1407 convenientes,
689 1326 876 1389 etiamtum
909 1323 943 1385 in
971 1343 1096 1385 summa
1124 1322 1319 1386 auctoritate
1349 1342 1422 1388 esse.

191 1435 278 1521 apud
303 1435 461 1517 Graecos,
495 1438 551 1523 qui
578 1437 686 1502 callidi
707 1435 836 1522 quidem
860 1433 997 1499 artifices
1029 1455 1186 1498 novarum
1210 1433 1412 1520 voluptatum

190 1546 481 1632 comparandarum
503 1558 619 1623 essent,
642 1548 772 1612 minime
795 1553 902 1610 autem
932 1545 1127 1631 eniterentur
1156 1543 1200 1608 ad
1221 1565 1411 1630 componen—
1454 1621 1455 1626 γ

191 1657 247 1723 das
270 1670 372 1723 novas
395 1657 564 1742 religiones
588 1657 832 1742 subtilioresque
854 1666 888 1736 et
912 1677 995 1742 quae
1025 1657 1162 1741 tempori
1192 1659 1412 1723 convenirent:

189 1772 297 1833 facere
309 1790 373 1834 non
386 1771 498 1852 potuit,
518 1772 607 1854 quin,
629 1792 671 1834 ex
693 1769 830 1852 segnitia
848 1766 902 1832 illa
925 1776 956 1832 et
977 1766 1108 1831 levitate
1128 1789 1183 1832 eos
1206 1768 1413 1847 excitaturus,

190 1879 523 1967 mordaoicarmine*)
546 1882 784 1966 perstringeret,
806 1876 960 1963 quidquid
981 1879 1014 1942 in
1029 1877 1191 1942 veteribus
1206 1877 1414 1962 religionibus

188 1990 367 2074 ridiculum,
390 1990 565 2075 indignum,
587 2001 680 2076 turpe
690 1991 895 2056 existimaret.
937 1988 1052 2075 Itaque
1061 1988 1294 2076 Xenophanes,
1311 2000 1414 2056 mente

189 2100 291 2170 libera
314 2102 481 2186 solutaque
502 2124 606 2166 mores
630 2113 661 2167 et
680 2102 844 2186 ingenium
867 2101 971 2184 gentis
984 2122 1061 2165 suae
1084 2111 1317 2185 perscrutatus,
1337 2125 1413 2167 are·

191 2213 358 2276 censendis
381 2225 413 2280 et
434 2213 654 2300 vituperandis
665 2213 798 2278 Homeri
814 2222 846 2277 et
856 2212 991 2279 Hesiodi
1007 2211 1157 2298 operibus
1175 2211 1218 2276 ad
1235 2213 1414 2279 deserenda

191 2347 284 2390 sacra
314 2325 440 2411 patriae
469 2327 639 2410 processit,
666 2323 867 2391 abalienatus
895 2348 925 2390 a
943 2345 1021 2388 suae
1047 2325 1163 2388 aetatis
1186 2325 1320 2408 ingenio
1345 2337 1414 2390 ete

189 2437 294 2519 gentis
317 2458 395 2501 suae
418 2436 542 2502 animis.

277 2547 341 2612 Sed
365 2547 474 2612 eadem
499 2548 566 2632 ejus
589 2568 680 2610 mens
703 2556 798 2615 acuta
820 2547 862 2611 ad
885 2547 1103 2630 cogitandum,
1125 2569 1224 2633 quum
1240 2547 1414 2633 religionis,

190 2659 241 2724 cui
265 2667 350 2723 oerto
378 2668 409 2722 et
439 2660 507 2744 ipse
535 2659 626 2721 initio
656 2669 726 2722 erat
755 2658 919 2741 addictus,
949 2658 1160 2724 fundamenta
1189 2662 1361 2726 evertisset
1385 2672 1413 2725 et

190 2769 400 2850 dissolvisset,
424 2791 526 2834 novas
549 2771 578 2832 ei
599 2778 632 2832 et
654 2769 834 2834 subtiliores
857 2772 997 2834 rationes
1020 2778 1169 2853 statuere,
1191 2774 1412 2857 perenniorem

189 2881 389 2969 disciplinam
412 2891 576 2949 exstruere
599 2879 718 2944 debuit.

275 2993 365 3074 Quas
388 2995 529 3058 rationes
553 2994 734 3078 exquirens,
748 3001 863 3062 ‚utrum
886 3016 907 3058 a
928 2994 1052 3059 ratione
1074 3003 1106 3058 et
1117 2994 1289 3082 disciplina
1313 2997 1410 3085 philo·

190 3105 362 3192 sophorum
386 3107 536 3192 priorum,
552 3128 607 3168 an
629 3127 649 3167 a
673 3104 773 3168 sacris
797 3101 994 3169 Graecorum
1017 3104 1220 3190 opinionibus
1249 3110 1410 3194 profectus

188 3217 237 3296 sit,
261 3204 507 3303 disceptandum
523 3216 661 3283 videtur.
708 3214 896 3281 Communis
920 3218 950 3280 ei
971 3239 1045 3280 cum
1068 3215 1269 3303 philosophis
1281 3220 1346 3285 illis
1370 3231 1413 3285 est

95 3322 97 3326 ⁴
189 3327 371 3414 explicandi
393 3327 448 3392 illa
471 3338 503 3392 et
525 3317 694 3393 enodandis
710 3327 895 3408 methodus,
925 3350 1023 3414 quam
1047 3329 1243 3422 analyticam
1266 3331 1410 3413 dicimus,

188 3448 220 3503 et
251 3438 337 3524 quod
368 3441 507 3526 repperit
540 3461 645 3504 rerum
679 3441 869 3527 principium
905 3438 946 3503 ab
979 3439 1094 3503 iisdem
1128 3449 1288 3506 tentatum
1322 3453 1411 3530 atque

254 3601 278 3667 ⁸)
312 3605 438 3672 Γέγραφε
457 3598 487 3654 dd
505 3607 553 3654 καὶ
571 3606 602 3653 ἐν
620 3606 700 3654 ἑίιεοι
718 3608 765 3654 καὶ
785 3602 914 3674 ἐλεγείαις
933 3607 980 3653 καὶ
1000 3602 1113 3671 ἰάμβοις
1138 3605 1205 3658 καθ’
1226 3603 1344 3673 Ὀμήρου
1369 3610 1411 3658 uel

183 3686 314 3739 ‘Heroden
327 3687 491 3740 ἐπικόπτων
512 3689 607 3740 αὐτῶν
625 3690 659 3741 τὰ
680 3693 744 3753 περὶ
765 3690 844 3739 θεῶν
864 3689 1003 3755 εἰρημένα.
1039 3689 1125 3757 Diog.
1144 3691 1240 3745 [raeti.
1260 3691 1311 3746 lX.
1335 3695 1376 3749 19.
1454 3670 1455 3682 .

255 3775 408 3844 Propterea
426 3773 529 3829 Timon
548 3791 593 3844 ap.
614 3774 688 3830 Sext.
710 3774 787 3843 Emp.
806 3774 907 3845 Pyrrh.
925 3775 946 3827 I.
965 3777 1007 3831 33.
1028 3777 1087 3831 223.
1107 3793 1171 3830 eum
1189 3777 1275 3832 dicit:

258 3861 436 3928 Ξεινοφάνην
459 3860 799 3930 ὑπιὶτνφονῸμιιροπιὶην
824 3861 996 3926 duracinum.
1052 3862 1108 3917 cfr.
1136 3862 1209 3917 Sext.
1236 3864 1318 3935 Emp.
1348 3867 1408 3920 adv.

187 3949 275 4006 Math.
294 3949 344 4003 IX.
365 3947 416 4004 193
437 3946 582 4001 et1.289.
623 3949 627 3954 ’
735 3947 737 3950 ’

399 4034 498 4087 Πάντα
518 4035 600 4090 θεοῖο
620 4031 769 4097 ἀνέθηκαν
784 4019 899 4104 Ὅμηρός
918 4035 948 4087 θ’
967 4031 1095 4091 ‘Hotode's
1112 4050 1158 4087 τε

389 4119 472 4174 ‘vona
501 4120 568 4190 παρ’
587 4119 788 4188 ἀνθρώποισιν
806 4118 916 4175 ὀνείδεα
935 4127 983 4175 καὶ
1000 4121 1087 4194 ψόγοι
1105 4125 1189 4178 ἐστίν.

397 4212 453 4259 Καὶ
473 4204 573 4259 πλεῖστ’
597 4205 776 4278 ἐφθέγξαντο
795 4201 875 4260 θεῶν
896 4208 1050 4276 ιἰθεμίοτια
1069 4211 1144 4280 ἔργα·

395 4291 541 4360 Κλέπτειν,
561 4292 702 4358 μοιχεύειν
720 4314 751 4345 τε
770 4299 818 4345 καὶ
837 4293 965 4359 ἀλλήλους
983 4293 1144 4347 decredere.

187 4379 351 4450 Composuit
370 4377 418 4432 hos
436 4395 533 4432 versus
553 4379 593 4432 ita
611 4378 733 4432 Karsten
751 4397 777 4449 p.
796 4380 838 4434 44.
858 4379 923 4449 Frg.
945 4379 1007 4433 VII.
1026 4383 1054 4432 et
1073 4379 1184 4449 accepit
1204 4377 1331 4435 Mullach
1352 4379 1413 4453 rrg.

185 4465 287 4537 philos.
302 4465 403 4520 Graec.
421 4465 560 4536 (Xenoph.
580 4465 616 4534 7.)
637 4464 642 4475 ’
